2934 4625
496 263 558 331 EX
583 261 818 332 HISTORIIS
1103 262 1166 329 105

146 437 230 501 diam
259 438 292 499 in
321 438 476 521 populum
505 457 673 500 romanum
703 433 834 513 effudit,
863 431 1010 499 turbidus
1036 432 1168 496 miscen-

148 552 195 615 dis
217 552 423 616 seditionibus
447 566 479 615 et
499 553 659 635 plerisque
682 564 788 632 gratus
809 548 936 616 vecordi
958 547 1116 613 facundia.

231 672 274 731 At
294 669 395 731 lulius
416 658 546 751 Auspex
576 690 593 731 e
620 666 814 749 primoribus
838 665 1011 729 Remorum
1030 663 1095 730 vim
1116 682 1170 724 ro·
1184 664 1252 726 4,69

149 802 272 844 nsanam
301 783 450 866 pacisque
479 786 564 846 bona
591 781 760 846 dissertans
783 794 812 846 et
833 779 915 845 sumi
940 780 1058 843 bellum
1077 777 1171 841 etiam

150 896 190 955 ab
212 894 349 975 ignavis,
381 893 589 958 strenuissimi
617 898 772 977 cujusque
799 894 939 976 periculo
960 891 1027 975 geri
1046 898 1171 976 jamque

149 997 246 1091 super
267 1023 358 1092 caput
379 1011 534 1090 legiones,
563 1010 827 1092 sapientissimum
847 1029 1005 1093 quemque
1025 1026 1173 1072 reveren-

149 1127 192 1187 tia
212 1124 347 1209 fideque,
367 1125 507 1203 juniores
527 1125 670 1206 periculo
689 1146 724 1188 ac
743 1137 829 1185 metu
850 1122 1014 1186 continuit.
1055 1130 1087 1181 et
1105 1119 1172 1181 Va·

150 1239 261 1301 lentini
280 1239 419 1300 animum
441 1235 621 1315 laudabant,
645 1237 812 1299 consilium
832 1235 976 1318 Auspicis
998 1232 1174 1314 sequeban-

151 1369 213 1417 tur.
263 1355 393 1418 Constat
424 1354 579 1417 obstitisse
613 1351 761 1417 Treveris
793 1350 1055 1432 Lingonibusque
1089 1341 1174 1427 apud

152 1471 288 1549 Gallias,
325 1469 411 1555 quod
442 1469 585 1533 Vindicis
613 1481 702 1532 motu
734 1490 806 1532 cum
836 1467 988 1548 Verginio
1016 1473 1176 1528 steterant.

152 1583 303 1648 detenuit
322 1587 491 1667 plerosque
511 1583 748 1664 provinciarum
770 1581 954 1645 aemulatio:
985 1578 1071 1662 quod
1091 1579 1176 1639 bello

41 1717 52 1731 “
154 1691 269 1783 caput?
313 1697 399 1760 unde
429 1703 478 1775 jus
508 1696 746 1780 auspiciumque
777 1690 960 1777 peteretur?
1004 1711 1119 1775 quam,
1150 1687 1178 1749 si

153 1826 266 1877 cuncta
289 1812 518 1896 provenissent,
540 1809 645 1876 sedem
666 1809 800 1892 imperio
820 1803 984 1889 legerent?
1026 1801 1179 1867 Nondum

154 1928 303 2004 victoria,
330 1933 392 2004 jam
421 1923 577 1989 discordia
601 1938 686 2006 erat,
718 1925 788 1988 aliis
816 1921 962 2001 foedera,
992 1918 1177 2003 quibusdam

154 2060 232 2122 opes
255 2040 412 2120 viresque,
425 2051 478 2099 aut
501 2050 684 2101 vetustatem
706 2036 836 2116 originis
856 2057 915 2117 per
940 2035 1043 2114 jurgia
1062 2036 1179 2111 jactan-

154 2155 248 2216 tibus.
291 2149 395 2213 taedio
422 2151 605 2211 futurorum
624 2148 805 2230 praesentia
825 2150 984 2228 placuere.
1027 2144 1179 2208 Scribun-

156 2280 209 2329 tur
231 2265 272 2328 ad
300 2267 456 2329 Treveros
481 2263 631 2346 epistolae
653 2263 783 2326 nomine
806 2262 998 2342 Galliarum,
1027 2276 1063 2325 ut
1083 2259 1180 2323 absti-

158 2390 269 2440 nerent
290 2378 383 2437 armis
402 2376 594 2457 impetrabili
614 2377 706 2439 venia
726 2389 758 2440 et
777 2379 894 2458 paratis
914 2376 1179 2458 deprecatoribus,

159 2489 187 2550 si
207 2489 389 2569 poeniteret.
430 2487 555 2550 Restitit
573 2485 657 2550 idem
678 2488 868 2552 Valentinus
890 2488 1111 2570 obstruxitque
1136 2486 1179 2546 ci-

158 2603 263 2669 vitatis
284 2622 359 2665 suae
384 2622 477 2665 aures
498 2602 584 2666 haud
607 2603 740 2687 perinde
760 2605 945 2669 instruendis
965 2606 1051 2667 bello
1077 2604 1180 2666 inten-
1252 2644 1258 2653 -

156 2733 207 2784 tus
229 2740 324 2804 quam
346 2719 495 2803 frequens
518 2720 734 2783 concionibus.

244 2832 343 2912 lgitur
372 2853 440 2894 non
466 2832 600 2895 Treveri
630 2854 735 2916 neque
761 2831 920 2912 Lingones
945 2843 1104 2896 ceteraeve
1128 2852 1180 2893 re·
1194 2835 1266 2900 4‚to

159 2945 290 3007 bellium
322 2945 460 3007 civitates
493 2964 553 3026 pro
582 2943 796 3025 magnitudine
828 2944 964 3026 suscepti
994 2942 1179 3006 discriminis

160 3080 262 3140 agere.
305 3081 347 3121 ne
368 3057 462 3122 duces
490 3058 619 3143 quidem
640 3061 674 3123 in
697 3082 796 3123 unum
819 3061 998 3138 consulere,
1020 3060 1075 3124 sed
1096 3059 1182 3124 civi·

158 3176 198 3238 lis
219 3174 290 3240 avia
310 3174 477 3256 Belgarum
500 3175 691 3252 cbcttmibat,
715 3175 789 3240 dum
813 3175 979 3239 Claudium
999 3174 1182 3237 Labeonem

162 3314 274 3373 capere
296 3303 352 3353 aut
378 3293 547 3353 exturbare
577 3292 707 3357 nititur:
746 3291 900 3355 Classicus
929 3313 1021 3372 segne
1044 3293 1184 3374 plerum·

164 3429 227 3490 que
256 3407 355 3470 otium
382 3408 510 3469 trahens
540 3410 629 3472 velut
654 3422 747 3490 parto
773 3409 906 3489 imperio
927 3409 1100 3471 fruebatur.
1142 3427 1184 3469 ns
1274 3436 1277 3442 ¹

164 3522 267 3583 Tutor
297 3518 422 3603 quidem
452 3520 621 3582 maturavit
651 3520 844 3601 superiorem
874 3519 1058 3583 Germaniae
1082 3522 1184 3602 ripam

165 3647 197 3697 et
232 3632 332 3697 ardua
366 3636 484 3719 alpium
515 3633 680 3717 praesidiis
713 3634 867 3699 claudere.
920 3637 1024 3720 Atque
1058 3638 1184 3700 interim

164 3750 403 3815 unaetvicesima
433 3751 514 3832 legio
549 3749 760 3833 Vindonissa,
801 3750 949 3814 Sextilius
987 3750 1078 3815 Felix
1113 3771 1184 3812 cum

164 3864 337 3927 auxiliariis
369 3863 551 3927 cohortibus
580 3886 640 3945 per
670 3863 811 3928 Raetiam
842 3866 998 3946 irrupere.
1059 3859 1185 3925 accessit

166 3978 214 4040 ala
235 3977 456 4060 singularium,
487 3978 588 4041 excita
615 3978 689 4041 olim
712 4003 730 4043 a
752 3978 895 4058 Vitellio,
922 3976 1033 4043 deinde
1055 3975 1088 4035 in
1110 3993 1182 4055 par·
