2934 4625
300 296 345 365 es
497 279 511 296 '
639 299 701 367 nx
723 299 979 371 tunsurus

217 492 289 555 l‚.'›n
385 471 536 537 Nuntiata
558 494 595 535 ea
616 472 781 538 Tiberium
804 476 921 540 laetitia
944 499 1082 562 curaque
1104 479 1248 544 affecere.

218 600 287 662 Lot
387 588 431 669 (a.
457 588 511 670 15)
542 589 650 652 Druso
677 612 819 670 caesare,
852 591 927 671 Caio
954 592 1108 657 Norbano
1139 594 1321 657 consulibus

301 702 478 765 decernitur
500 703 686 767 Germanico
715 705 895 789 triumphus
923 720 1067 770 manente
1098 710 1198 787 bello,
1233 706 1320 791 qnod

301 841 483 904 quanquam
503 822 537 882 in
560 834 707 883 aestatem
728 843 851 885 summa
872 844 932 906 ope
954 827 1100 907 parabat,
1120 825 1211 887 initio
1235 825 1319 889 veris

300 948 332 997 et
358 935 523 1017 repentino
551 938 586 997 in
615 936 745 1001 Chattos
775 961 910 1003 excursu
940 942 1109 1022 praecepit.
1149 961 1224 1001 nam
1247 958 1318 1019 spes

299 1052 467 1113 incesserat
496 1048 645 1114 dissidere
674 1053 798 1116 hostem
821 1055 857 1115 in
877 1054 1056 1116 Arminium
1087 1075 1122 1114 ac
1152 1037 1320 1131 Segestem,

298 1169 451 1247 insignem
473 1178 642 1247 utrumque
663 1166 795 1247 perfidis
817 1166 851 1227 in
874 1188 932 1230 nos
957 1180 1012 1229 aut
1032 1166 1103 1229 fide.
1157 1165 1318 1227 Arminius

298 1285 442 1344 turbator
464 1279 669 1358 Germaniae,
703 1279 845 1360 Segestes
873 1282 979 1363 parari
999 1282 1203 1344 rebellionem
1225 1300 1317 1360 saepe

267 1375 268 1380 ἵ
299 1397 374 1458 alias
403 1410 433 1458 et
459 1415 610 1485 supremo
640 1395 805 1474 convivio,
839 1399 909 1476 pust
937 1395 1024 1479 quod
1054 1397 1089 1457 in
1122 1417 1209 1456 arma
1237 1394 1316 1455 itum

299 1512 439 1593 aperuit:
472 1510 631 1592 suasitque
652 1512 741 1573 Varo
764 1524 799 1572 ut
827 1531 860 1573 se
882 1524 914 1573 et
940 1513 1118 1574 Arminium
1145 1523 1176 1573 et
1197 1523 1315 1574 ceteros
1390 1566 1393 1571 .

296 1643 442 1705 proceres
477 1622 628 1701 vinciret3
666 1624 747 1684 nihil
781 1643 929 1685 ausuram
962 1626 1088 1707 plebem
1122 1624 1316 1709 principibus

297 1738 417 1814 amotis,
440 1750 532 1819 atque
554 1736 616 1818 ipsi
636 1747 762 1817 tempus
784 1738 854 1798 lore
876 1757 940 1820 quo
963 1737 1093 1799 crimina
1116 1749 1147 1799 et
1166 1737 1315 1800 innoxios

297 1853 497 1917 discerneret.
540 1850 596 1913 sed
615 1852 720 1915 Varus
741 1854 807 1916 lato
830 1867 861 1915 et
882 1854 914 1918 vi
937 1854 1071 1916 Arminii
1099 1850 1215 1916 cecidit.
1258 1851 1314 1914 Se-

296 1982 394 2051 gestes
416 1988 597 2051 quanquam
623 1988 778 2030 consensu
798 1970 897 2047 gentis
921 1968 956 2029 in
975 1970 1094 2031 bellum
1113 1978 1229 2029 tractus
1251 1965 1314 2028 dis-

297 2104 367 2145 cors
397 2083 558 2159 manebat,
592 2083 690 2145 auctis
721 2084 870 2163 privatim
906 2082 1002 2161 odiis,
1036 2082 1121 2167 quod
1153 2081 1313 2146 Arminius

294 2196 391 2261 filiam
421 2199 487 2273 ejus
516 2193 571 2256 alii
597 2207 720 2275 pactam
746 2209 911 2278 rapuerat,
937 2218 1034 2277 gener
1054 2197 1174 2261 invisus
1195 2196 1314 2258 inimici

294 2313 411 2375 soceri:
440 2331 584 2394 quaeque
606 2307 691 2392 apud
712 2308 882 2374 concordes
902 2310 1029 2377 vincula
1050 2315 1183 2378 caritatis
1202 2315 1313 2378 incita·

293 2437 399 2489 menta
418 2425 537 2486 irarum
560 2423 645 2506 apud
665 2426 807 2488 infensos
823 2410 929 2493 erant.

210 2556 280 2620 1,ss
323 2517 327 2523 ⁴
377 2542 477 2621 Igitur
499 2538 704 2602 Germanicus
723 2551 871 2622 quattuor
894 2540 1041 2620 legiones,
1061 2541 1201 2625 quinque
1222 2539 1312 2603 auxi·

291 2654 417 2717 liarium
438 2655 535 2718 millia
559 2667 589 2716 et
614 2655 833 2717 tumultuarias
855 2668 994 2718 catervas
1016 2655 1246 2719 Germanorum
1266 2655 1309 2718 cis
1390 2689 1393 2693 ⁴

292 2767 437 2830 Rhenum
470 2769 638 2831 colentium
669 2766 821 2831 Caecinae
852 2766 966 2846 tradit,
1002 2768 1130 2832 totidem
1160 2770 1308 2852 legiones,

292 2882 447 2965 duplicem
476 2883 632 2945 sociorum
654 2904 822 2946 numerum
849 2883 918 2964 ipse
941 2880 1041 2961 ducit,
1071 2885 1237 2967 positoque
1259 2906 1310 2948 ca·

290 3002 380 3064 stello
403 3020 498 3080 super
526 2999 654 3078 vestigia
681 2998 806 3080 paterni
828 2998 977 3080 praesidii
1004 3000 1039 3061 in
1067 3011 1173 3061 monte
1194 3002 1308 3065 Tauno

290 3112 470 3194 expeditum
498 3112 669 3173 exercitum
693 3115 727 3174 in
757 3113 885 3178 Chattos
912 3114 1012 3194 rapit,
1042 3113 1142 3176 Lucio
1163 3114 1308 3195 Apronio

289 3222 540 3286 admonitiones
568 3223 692 3286 viarum
721 3239 751 3288 et
780 3225 945 3287 fluminum
975 3226 1095 3290 relicto.
1147 3249 1220 3290 nam
1242 3227 1309 3314 (ra-

288 3360 361 3402 rum
380 3338 427 3401 illi
448 3333 550 3421 coelo)
580 3336 714 3400 siccitate
740 3352 771 3401 et
791 3340 935 3400 amnibus
964 3338 1093 3417 modicis
1115 3341 1307 3405 inoffensum

288 3456 349 3518 iter
368 3466 610 3537 properaverat,
634 3456 813 3539 imbresque
836 3466 867 3516 et
886 3444 1050 3517 fluminum
1073 3468 1182 3518 auctus
1203 3478 1308 3538 regre-

290 3568 388 3633 dienti
410 3572 616 3633 metuebatur.
658 3570 720 3634 Sed
747 3570 866 3633 Chattis
891 3569 968 3634 adeo
995 3572 1185 3652 improvisus
1214 3573 1307 3637 adve-

273 3684 353 3772 nit,
383 3696 420 3747 ut
447 3683 534 3767 quod
561 3685 754 3746 imbecillum
777 3698 875 3748 aetate
900 3707 935 3748 ac
956 3708 1034 3749 sexu
1057 3689 1161 3751 statim
1182 3700 1306 3769 captum

290 3813 344 3862 aut
374 3797 563 3861 trucidatum
596 3798 652 3876 sit,
683 3804 829 3875 juventus
858 3799 976 3862 flumen
1006 3801 1166 3864 Adranam
1199 3800 1303 3865 nando

288 3917 464 3979 tramiserit.
517 3915 738 4000 Romanosque
771 3930 899 3998 pontem
931 3930 1108 3998 coeptantes
1139 3919 1304 3980 arcebant:

289 4030 360 4094 dein
388 4030 549 4095 tormentis
577 4032 755 4116 sagittisque
778 4033 877 4113 pulsi,
911 4033 1035 4094 tentatis
1050 4026 1175 4094 ‘irttstra
1197 4030 1303 4094 condi-
