2934 4625
552 278 787 348 cucurum
1142 282 1181 348 n
1275 379 1276 382 Ὺ

163 449 312 514 nudatam
342 472 448 516 coram
477 454 666 536 propinquis
696 454 826 535 expellit
858 452 953 518 domo
986 452 1116 516 maritus
1137 417 1183 515 'ac

161 587 219 645 per
242 587 367 631 omnem
388 569 493 634 vicum
514 572 646 631 verbere
668 572 740 649 agit.
789 571 966 650 publicatae
988 569 1071 631 enim
1092 566 1185 648 pudi-

164 682 253 742 citiae
275 684 363 745 nulla
383 684 494 759 venia3
523 702 589 743 non
611 684 730 760 forma,
754 704 820 745 non
843 695 959 759 aetate,
982 703 1050 744 non
1072 681 1185 761 opibus

163 798 310 859 maritum
341 796 508 861 invenerit.
556 796 658 858 Nemo
690 796 775 858 enim
803 798 867 859 illic
895 797 971 861 vitia
997 795 1096 875 ridet,
1128 818 1187 859 nec

164 929 365 990 corrumpere
388 922 418 969 et
436 909 598 990 corrumpi
620 912 779 971 saeculum
798 924 938 975 vocatur.
979 912 1095 974 Melius
1117 914 1188 995 qui-

164 1021 236 1083 dem
258 1021 360 1085 adhuc
382 1044 435 1084 eae
460 1023 609 1101 civitates,
630 1025 664 1085 in
686 1025 801 1107 quibus
822 1038 945 1087 tantum
966 1025 1102 1103 virgines
1127 1047 1187 1087 nu·

164 1136 254 1212 bunt,
277 1148 307 1196 et
332 1156 402 1197 cum
425 1157 479 1216 spe
499 1149 639 1219 votoque
660 1141 771 1200 uxoris
791 1139 888 1200 semel
907 1139 1097 1217 transigitur.
1135 1137 1187 1200 Sic

163 1272 263 1312 unum
280 1252 435 1333 accipiunt
456 1253 603 1314 maritum
624 1275 688 1336 quo
708 1253 804 1316 modo
824 1276 922 1316 unum
944 1275 1057 1335 corpus
1076 1276 1187 1315 unam·

164 1386 226 1445 que
246 1367 352 1442 vitam,
368 1386 414 1426 ne
439 1367 502 1427 ulla
527 1366 671 1445 cogitatio
696 1369 788 1444 ultra,
817 1389 857 1429 ne
877 1370 1003 1448 longior
1023 1367 1187 1448 cupiditas,

163 1501 203 1540 ne
223 1492 372 1563 tanquam
389 1480 543 1557 maritum,
567 1479 620 1541 sed
644 1494 793 1562 tanquam
816 1482 1051 1543 matrimonium
1073 1492 1188 1542 ament.

163 1593 341 1655 Numerum
368 1594 543 1653 liberorum
570 1590 662 1651 finire
694 1581 749 1650 aut
783 1613 962 1674 quenquam
996 1613 1037 1652 ex
1070 1594 1187 1670 agnatis

166 1725 278 1767 necare
300 1705 451 1784 flagitium
472 1705 623 1783 habetur3
647 1706 781 1787 plusque
802 1707 849 1767 ibi
868 1706 945 1767 boni
962 1725 1066 1767 mores
1081 1706 1188 1769 valent

166 1839 261 1899 quam
283 1820 359 1880 alibi
382 1822 484 1881 bonae
505 1820 598 1898 leges.

247 1935 287 1994 In
309 1935 395 1995 omni
415 1933 508 1997 domo
531 1934 610 1997 nudi
628 1958 663 1998 ac
681 1932 799 1998 sordidi
818 1934 852 1995 in
868 1935 926 1995 hos
944 1946 1041 2010 artus,
1061 1932 1095 1993 in
1111 1934 1188 1994 haec
1202 1952 1239 1999 20

166 2067 308 2127 corpora,
331 2070 412 2130 quae
435 2051 596 2127 miramur,
618 2063 812 2113 excrescunt.
856 2047 921 2109 Sua
943 2068 1099 2130 quemque
1122 2068 1188 2142 ma-

164 2172 213 2221 ter
233 2163 385 2223 uberibus
407 2164 477 2240 alit,
505 2186 564 2227 nec
593 2166 713 2227 ancillis
740 2187 775 2227 ac
797 2164 971 2225 nutricibus
997 2163 1189 2242 delegantur.

166 2273 327 2337 dominum
349 2298 384 2338 ac
405 2298 530 2340 servum
551 2278 645 2340 nullis
664 2276 857 2340 educationis
877 2276 994 2338 deliciis
1013 2275 1187 2356 dignoscas3

165 2392 248 2452 inter
266 2391 372 2453 eadem
384 2404 516 2472 pecora,
535 2393 569 2451 in
592 2393 701 2453 eadem
720 2393 817 2454 humo
839 2392 963 2470 degunt,
985 2392 1085 2453 donec
1107 2403 1190 2452 aetas

166 2518 290 2587 separet
310 2506 473 2584 ingenuos,
495 2509 596 2567 virtus
621 2517 778 2584 agnoscat.
822 2496 1071 2582 Sera‘juvenum
1091 2525 1190 2568 venus

167 2643 269 2707 eoque
297 2622 483 2683 inexhausta
511 2625 670 2702 pubertas.
712 2619 780 2682 Nec
812 2622 949 2700 virginus
981 2620 1190 2698 festinantur3

167 2738 276 2802 eodem
295 2746 441 2815 juventa,
463 2738 572 2799 similis
592 2739 781 2818 proceritas:
812 2759 904 2818 pares
925 2737 1111 2819 validaeque
1131 2736 1192 2796 mi-

168 2865 313 2929 scentur,
342 2873 377 2913 ac
398 2855 517 2914 robora
540 2864 707 2932 parentum
728 2854 822 2914 liberi
842 2853 994 2913 referunt.
1037 2851 1192 2914 Sororum

168 2967 239 3029 filiis
258 2965 341 3027 idem
361 2965 445 3046 apud
467 2968 666 3043 avunculum,
688 2968 744 3049 qui
762 2965 802 3027 ad
818 2979 938 3047 patrem
955 2966 1071 3028 honor.
1113 2961 1191 3038 Qui-

168 3078 241 3141 dam
257 3079 444 3142 sanctiorem
467 3083 696 3164 arctioremque
717 3082 803 3143 hunc
821 3101 939 3141 nexum
959 3079 1118 3159 sanguinis
1140 3099 1191 3139 ar·

166 3195 326 3257 bitrantur
347 3208 377 3257 et
398 3198 433 3258 in
453 3197 638 3279 accipiendis
660 3197 822 3260 obsidibus
843 3196 939 3276 magis
960 3196 1100 3275 exigunt,
1121 3208 1192 3256 tan·

168 3328 263 3390 quam
283 3320 315 3369 et
334 3309 474 3371 animum
491 3309 613 3371 firmius'
633 3322 665 3370 et
685 3308 815 3371 domum
834 3310 927 3370 latius
947 3319 1084 3371 teneant.
1125 3307 1191 3367 He·

167 3421 259 3482 redes
280 3435 386 3483 tamen
408 3412 663 3504 successoresque
687 3423 737 3484 sui
758 3422 872 3504 cuique
894 3422 996 3498 liberi,
1018 3434 1049 3482 et
1067 3421 1190 3481 nullum
1248 3448 1261 3471 ν

168 3544 398 3597 testamentum.
439 3535 474 3597 Si
499 3537 593 3599 liberi
621 3558 688 3600 non
715 3548 805 3612 sunt,
836 3536 1000 3617 proximus
1021 3533 1134 3614 gradus
1156 3537 1191 3596 in

168 3649 366 3729 possessione
388 3652 509 3729 fratres,
532 3655 647 3732 patrui,
672 3654 830 3715 avunculi.
874 3650 1000 3727 Quanto
1022 3655 1093 3733 plus
1114 3673 1191 3733 pro·

168 3766 379 3845 pinquorum,
405 3785 470 3847 quo
496 3772 596 3842 major
617 3765 760 3828 affinium
781 3788 945 3845 numerus,
966 3781 1052 3830 tanto
1074 3768 1191 3847 gratio·

169 3879 235 3941 sior
256 3890 416 3958 senectus3
438 3894 496 3942 ne‘c
519 3884 583 3943 ulla
605 3882 747 3944 orbitatis
768 3884 879 3964 pretia.

255 3993 419 4077 Suscipere
442 4008 503 4058 tum
524 3996 701 4062 inimicitias
726 4018 783 4060 seu
811 3998 908 4080 patris
937 4016 991 4058 seu
1017 3990 1189 4075 propinqui
1203 4008 1236 4056 st
