2934 4625
574 247 808 319 subustus
1162 247 1204 311 23

183 431 313 511 cedunt,
346 443 448 495 truces
471 432 583 497 insitae
612 434 727 496 feritati
755 444 822 495 arte
851 453 886 494 ac
915 442 1055 512 tempore
1084 429 1201 491 lenoci-

182 559 316 611 nantur:
351 547 441 629 nigra
472 561 575 624 scuta,
607 549 702 610 tincta
723 566 873 629 corpora,
908 558 989 608 atras
1012 543 1050 606 ad
1080 544 1202 625 proelia

180 676 288 729 noctes
318 667 441 745 legunt,
474 664 606 746 ipsaque
633 663 802 725 formidine
834 676 927 746 atque
956 666 1069 724 umbra
1097 661 1200 722 feralis

180 779 334 842 exercitus
361 791 516 842 terrorem
543 779 703 860 inserunt,
742 781 830 843 nullo
859 779 997 863 hostium
1027 776 1199 839 sustinente

179 914 299 957 novum
317 916 352 957 ac
367 896 454 959 velut
469 894 629 957 infernum
646 907 824 980 aspectum:
848 916 920 956 nam
937 893 1031 977 primi
1044 892 1078 953 iu
1097 891 1203 953 omnir

178 1012 239 1071 bus
266 1011 394 1092 proeliis
423 1013 506 1075 oculi
534 1011 715 1076 vincuntur.
767 1013 869 1074 Trans
897 1011 1014 1093 Lygios
1036 1008 1198 1071 Gothones

177 1139 357 1206 regnantur,
380 1129 475 1208 paulo
496 1133 558 1206 J'am
582 1127 746 1192 adductius
769 1148 865 1211 quam
886 1136 1005 1190 ceterae
1024 1123 1198 1184 Germano·

176 1259 248 1301 rum
267 1254 388 1321 gentes,
409 1242 550 1307 nondum
573 1257 678 1309 tamen
702 1265 798 1329 supra
820 1244 1007 1305 libertatem.
1048 1236 1197 1302 Protinus

176 1350 290 1415 deinde
314 1357 353 1417 ab
384 1377 501 1419 oceano
528 1357 623 1439 Rugii
652 1370 683 1421 et
708 1356 863 1422 Lemovii.
905 1352 1117 1436 Omniumque
1140 1353 1197 1412 ha·

175 1485 247 1526 rum
275 1466 413 1548 gentium
445 1469 565 1552 insigne
595 1468 733 1535 rotunda
763 1482 868 1549 scuta,
900 1473 1011 1534 breves
1041 1464 1135 1548 gladii
1166 1475 1197 1526 et

174 1596 248 1659 erga
267 1599 356 1659 reges
378 1582 575 1663 obsequium.

259 1688 414 1754 Suionum
439 1694 513 1755 hinc
536 1693 684 1773 civitates,
705 1694 775 1776 ipso
797 1695 832 1758 in
854 1715 981 1772 oceano,
1001 1703 1125 1773 praeter
1147 1686 1194 1750 vi·
1209 1697 1243 1745 44

174 1822 227 1866 ros
254 1826 403 1890 armaque
433 1808 582 1872 classibus
610 1810 727 1873 valent.
776 1810 880 1872 forma
905 1809 1034 1874 navium
1065 1826 1103 1869 eo
1135 1802 1195 1866 dif-

173 1921 252 1998 fert,
292 1923 379 2004 quod
411 1926 559 2009 utrinque
592 1947 688 2007 prora
720 1939 876 2007 paratam,
893 1945 1016 2007 semper
1049 1923 1194 2005 appulsui

172 2037 309 2099 frontem
330 2041 401 2120 agit.
445 2063 504 2104 nec
525 2043 603 2106 velis
624 2043 861 2119 ministrantur,
882 2064 939 2104 nec
960 2060 1064 2103 remos
1084 2038 1119 2099 in
1141 2059 1192 2100 or-

173 2148 246 2212 dine
277 2154 429 2216 lateribus
458 2154 650 2237 adjungunt:
687 2158 842 2235 solutum,
873 2170 909 2218 ut
938 2157 972 2217 in
1004 2152 1192 2238 quibusdam

171 2263 346 2347 fluminum,
370 2280 401 2331 et
421 2273 579 2349 mutabile,
601 2284 707 2335 utres
729 2273 839 2355 poscit,
861 2272 934 2334 hinc
960 2271 1010 2334 vel
1031 2269 1116 2332 illinc
1140 2290 1190 2331 re-

171 2385 309 2463 migium.
350 2385 407 2449 Est
429 2385 514 2467 apud
535 2389 606 2449 illos
636 2400 667 2448 et
695 2388 808 2468 opibus
836 2389 956 2465 honos,
986 2407 1087 2471 eoque
1108 2407 1191 2447 unus

172 2497 346 2579 imperitat,
377 2498 472 2560 nullis
494 2503 557 2575 jam
585 2498 840 2580 exceptionibus,
874 2521 939 2562 non
959 2501 1100 2578 precario
1120 2503 1189 2575 jure

171 2613 313 2695 parendi.
365 2612 432 2676 Nec
461 2634 564 2691 arma,
599 2627 633 2676 ut
663 2612 750 2696 apud
782 2625 901 2676 ceteros
933 2613 1124 2686 Germanos,
1156 2613 1190 2672 in

170 2730 366 2811 promiscuo,
399 2726 453 2790 sed
483 2729 587 2789 clausa
618 2729 676 2788 sub
704 2723 832 2789 custode
864 2738 895 2789 et
924 2723 1052 2808 quidem
1079 2743 1189 2786 servo:

169 2843 246 2925 quia
267 2842 386 2905 subitos
408 2843 546 2905 hostium
569 2842 713 2904 incursus
735 2843 884 2925 prohibet
905 2859 1058 2917 oceanus,
1088 2839 1189 2902 otiosa

169 2975 268 3038 porro
304 2967 496 3018 armatorum
528 2975 640 3018 manus
672 2954 763 3017 facile
793 2954 970 3018 lasciviunt.
1028 2953 1187 3033 enirnvero

169 3092 273 3154 neque
297 3070 435 3134 nobilem
457 3078 560 3153 n'eque
582 3068 769 3148 ingenuum,
798 3089 837 3130 ne
859 3067 1041 3131 libertinum
1063 3065 1189 3149 quidem

169 3187 262 3248 armis
284 3206 479 3267 praeponere
503 3185 589 3266 regia
611 3185 725 3248 utilitas
748 3196 803 3249 est.

252 3303 354 3363 Trans
384 3299 520 3363 Suionas
549 3297 633 3361 aliud
663 3320 766 3375 mare,
796 3298 921 3380 pigrum
942 3320 978 3360 ao
1003 3320 1104 3381 prope
1128 3299 1232 3362 ini-4⁵

169 3424 307 3475 motum:
338 3433 402 3494 quo
425 3413 509 3492 cingi
528 3412 674 3496 cludique
696 3424 854 3475 terrarum
875 3413 985 3475 orbem
1005 3409 1079 3476 hinc
1101 3410 1187 3494 fides,

170 3523 257 3609 quod
278 3539 434 3588 extremus
459 3526 595 3588 cadentis
622 3531 684 3605 jam
713 3527 787 3588 solis
816 3527 921 3606 fulgor
942 3528 977 3588 in
1001 3514 1087 3592 ortus
1110 3527 1187 3590 edu·

167 3652 232 3719 rat,
261 3637 339 3701 adeo
359 3640 460 3701 clarus
482 3650 518 3700 ut
538 3638 639 3701 sidera
660 3639 795 3701 hebetet.
845 3660 957 3702 sonum
978 3640 1109 3723 insuper
1131 3664 1186 3705 au·

168 3754 245 3830 diri,
275 3753 393 3817 formas
421 3751 553 3816 deorum
580 3767 611 3817 et
638 3752 744 3818 radIos
775 3754 882 3838 capitis
906 3756 1002 3839 aspici
1023 3760 1184 3840 persuasio

169 3868 281 3946 adjicit.
341 3869 419 3931 Illuc
454 3889 574 3951 usque,
610 3881 641 3930 et
671 3870 753 3932 fama
783 3892 875 3951 vera,
908 3884 1030 3940 tantum
1063 3885 1184 3934 natura.

167 3983 249 4063 Ergo
276 3987 338 4060 jam
368 3980 481 4045 dextro
506 3981 623 4048 suevici
649 3982 742 4046 maris
767 3983 859 4046 litore
882 3985 1059 4048 Aestiorum
1079 3996 1184 4063 gentes
