2934 4625
589 260 753 331 OMISSA
1118 261 1182 332 las

162 442 287 528 imperii
305 457 336 508 et
355 443 435 528 ripa,
456 440 511 507 sed
534 440 573 506 de
593 441 734 509 hibernis
754 442 912 527 legionum
927 453 963 509 st
984 442 1181 529 possessione

159 560 345 626 dubitatum.

496 958 843 1034 OMISSA.

243 1189 293 1252 Ex
309 1187 493 1252 annalibus:
514 1183 559 1273 (a.
573 1182 628 1270 13)
645 1199 677 1252 at
693 1187 822 1250 hercule
837 1186 1059 1253 Germanicum
1073 1186 1182 1251 Druso
1198 1194 1248 1259 l‚³

159 1318 265 1370 ortum
288 1317 358 1370 osto
381 1303 466 1388 apud
485 1305 633 1368 Rhenum
653 1302 830 1385 legiombus
849 1302 1036 1386 imposuit..
1054 1347 1065 1367 .
1083 1348 1094 1367 .
1114 1302 1183 1365 bel·

158 1422 226 1482 lum
253 1443 291 1483 ea
317 1431 500 1501 tempestate
527 1420 651 1482 nullum
673 1419 735 1482 nisi
762 1417 912 1485 adversus
934 1418 1108 1483 Germanos
1128 1438 1183 1481 su·

159 1549 303 1618 perorat,
344 1530 518 1596 abolendae
548 1532 647 1610 magis
677 1531 825 1592 infamiae
855 1533 898 1592 ob
931 1534 1079 1594 amissum
1110 1552 1183 1593 eunt

157 1646 313 1724 Quintilio
337 1641 434 1709 ‘Varo
470 1643 659 1722 exercitum,
695 1665 792 1727 mam
822 1642 969 1727 cupidine
999 1644 1183 1728 proferendi

158 1762 285 1847 imperii
304 1773 359 1825 aut
380 1760 510 1843 dignum
533 1764 575 1826 ob
595 1759 784 1844 praemium.

242 1877 400 1943 indidem:
421 1872 466 1962 (a.
487 1872 544 1962 14)
564 1874 616 1942 Sic
638 1875 819 1959 compositis
842 1875 1073 1959 praesentibus,
1093 1875 1180 1942 haud
1194 1875 1266 1941 ¹2⁴⁶

158 1992 264 2057 minor
283 1994 382 2056 moles
406 2000 572 2073 supererat
592 1991 634 2052 ob
659 1988 809 2054 ferociam
831 1989 959 2074 quintae
986 2001 1017 2054 et
1036 1990 1181 2055 unaetvi-

157 2108 288 2169 cesimae
309 2104 478 2185 legionum,
500 2103 725 2185 sexagesimum
748 2102 834 2184 apud
853 2101 990 2187 lapidem
1011 2102 1096 2189 (loco
1114 2105 1180 2168 Ve-

157 2232 224 2285 tera
251 2240 368 2284 nomen
399 2215 480 2303 erat)
506 2219 741 2282 hibernentium
745 2263 905 2285 .....
945 2219 1045 2302 igitur
1074 2242 1180 2285 caesar

157 2355 262 2414 arma,
288 2337 433 2411 classem,
457 2324 559 2397 socios
580 2331 743 2396 demittere
764 2334 877 2396 Rheno
897 2345 1005 2416 parat,
1032 2334 1060 2398 si
1078 2334 1179 2419 impe·

154 2449 238 2509 rium
260 2444 465 2522 detrectemr,
484 2445 569 2508 bello
591 2456 775 2506 certaturus.

238 2557 282 2644 (a.
305 2556 360 2645 19)
388 2558 482 2622 simul
510 2559 628 2622 bellum
661 2556 811 2623 adversus
838 2559 1005 2624 Bastarnas
1030 2555 1177 2644 Scythas·
1190 2564 1261 2632 Mo

152 2696 214 2760 que
234 2672 452 2761 praetendens.

437 3019 884 3035 Μ
