2934 4625
273 253 295 316 2
666 245 901 314 annulum
995 276 998 281 ·

273 425 407 499 Marsos,
433 417 796 497 Gamb1·ivioe,Suevos,
821 415 987 481 Vandilios
1008 416 1174 496 affirmant,
1199 440 1297 502 eaque

273 561 348 603 vera
376 550 406 597 et
436 536 564 616 amiqua
595 533 734 595 nomina.
778 531 924 593 Ceterum
951 531 1137 593 Germaniae
1159 535 1298 594 vocabu-

271 649 337 716 lum
358 672 466 713 recens
489 663 520 710 et
542 669 646 729 nuper
667 646 825 722 additum,
848 647 998 729 quoniam
1020 647 1075 729 qui
1096 648 1189 727 primi
1211 647 1297 708 Rhe·

273 788 349 828 num
372 763 555 859 transgressi
568 751 684 823 ⁸Gallos
706 762 886 841 expulerint
908 782 943 821 ac
965 783 1050 821 nunc
1071 763 1200 841 Tungri,
1219 763 1297 823 'tunc

273 882 424 946 Germani
455 878 557 942 vocati
586 879 658 939 sint.
701 878 745 938 ita
775 878 910 939 nationis
937 898 1072 956 nomen,
1103 899 1170 940 non
1198 879 1298 957 gentis

273 998 425 1062 evaluisse
449 993 617 1075 paulatIm,
652 1006 686 1054 ut
715 1013 824 1054 omnes
848 995 984 1074 primum
1015 1018 1033 1055 a
1063 977 1224 1076 victore*)
1255 994 1295 1054 ob

271 1124 406 1188 metum,
439 1128 515 1169 mox
537 1130 555 1167 a
578 1127 610 1166 se
631 1106 708 1185 ipsis
729 1107 858 1168 invento
881 1106 1008 1165 nornine
1033 1106 1183 1167 Germani
1204 1128 1296 1168 voca·

272 1238 393 1287 rentur.
436 1222 546 1285 Fuisse
578 1219 664 1301 apud
694 1239 749 1281 eos
779 1231 809 1281 et
837 1219 1006 1280 Herculem
1030 1233 1207 1282 memorant
1232 1222 1298 1301 pri-

272 1356 421 1420 mumque
453 1335 593 1397 omnium
622 1335 765 1397 virorum
788 1332 917 1394 fortium
945 1335 1022 1397 ituri
1048 1335 1081 1395 in
1104 1338 1224 1416 proelia
1246 1359 1297 1397 ca·

273 1464 362 1514 nunt.
407 1450 488 1512 Sunt
508 1450 569 1512 illis
589 1450 667 1509 haec
690 1468 818 1532 quoque
845 1449 999 1526 carmina,
1028 1472 1165 1533 quorum
1186 1453 1297 1529 relatu,

273 1588 368 1651 quem
403 1567 540 1628 baritum
572 1576 705 1642 vocant,
743 1563 916 1627 accendunt
953 1567 1073 1627 animos
1109 1570 1297 1650 futuraeque

271 1701 395 1764 pugnae
418 1681 578 1741 fortunam
602 1680 672 1761 ipso
698 1691 790 1742 cantu
817 1694 1022 1760 augurantur.
1064 1695 1184 1745 terrent
1211 1684 1296 1744 enim

271 1796 486 1878 trepidantve,
519 1805 615 1875 prout
646 1797 753 1858 sonuit
783 1794 880 1875 acies3
920 1819 978 1858 nac
1010 1809 1074 1859 tam
1102 1820 1195 1861 voces
1225 1800 1297 1860 illae

273 1931 367 1993 quam
395 1908 519 1973 virtutis
548 1921 716 1969 concentus
743 1906 899 1971 videntur.
944 1912 1108 1972 affectatur
1128 1913 1296 1993 praecipue

273 2021 423 2104 asperitas
453 2023 524 2081 soni
546 2033 576 2080 et
598 2020 731 2079 fractum
754 2040 898 2080 murmur
920 2021 1048 2083 obiectis
1072 2021 1111 2083 ad
1136 2045 1171 2085 os
1193 2025 1296 2102 scutis,
1346 2016 1354 2032 '

275 2155 339 2217 quo
360 2135 485 2216 plenior
507 2146 537 2194 et
559 2131 685 2212 gravior
705 2153 772 2196 vox
792 2156 977 2216 repercussu
999 2139 1194 2200 intumescat.
1237 2140 1296 2202 Cea

274 2261 377 2308 terum
399 2259 429 2308 et
451 2246 578 2307 Ulixem
601 2243 728 2328 quidam
757 2247 927 2329 opinantur
947 2252 1042 2331 longo
1062 2254 1117 2316 illo
1147 2266 1177 2315 et
1205 2253 1296 2316 labu-

273 2366 343 2426 loso
366 2383 474 2426 errore
494 2363 528 2422 in
550 2363 635 2422 hunc
659 2382 812 2424 oceanum
833 2363 968 2426 delatum
991 2365 1091 2428 adisse
1110 2360 1297 2429 Germaniae

274 2491 392 2557 terras,
415 2478 714 2560 Asciburgiumque,
743 2477 829 2562 quod
851 2481 884 2540 in
906 2483 975 2562 ripa
996 2482 1100 2543 Rheni
1123 2482 1216 2544 situm
1238 2483 1297 2542 ho-

275 2590 388 2675 dieque
424 2591 586 2665 incolitur,
623 2592 662 2651 ab
693 2592 748 2655 illo
782 2595 985 2657 constitutum
1018 2597 1295 2677 nominatumque,

274 2727 361 2767 aram
385 2708 462 2788 quin
486 2707 578 2767 etiam
600 2703 689 2766 Ulixi
711 2718 921 2767 consecratam
937 2707 1063 2786 adjecto
1086 2707 1218 2769 Laertae
1240 2728 1297 2788 pa·

273 2822 330 2881 tris
354 2822 481 2882 nomine
505 2818 614 2883 eodem
636 2822 707 2883 loco
731 2823 805 2883 olim
826 2836 1001 2904 repertam,
1030 2837 1295 2905 monumentaque

275 2946 306 2996 et
326 2935 464 2996 tumulos
488 2932 640 3017 quosdam
661 2937 779 3013 graecis
797 2936 895 2998 literis
916 2939 1083 3019 inscriptos
1105 2941 1138 2999 in
1159 2940 1295 3001 confinio

276 3047 461 3109 Germaniae
480 3047 670 3128 Raetiaeque
692 3046 795 3109 adhuc
817 3061 950 3112 exstare.
993 3049 1081 3124 Quae
1101 3073 1204 3132 neque
1222 3074 1297 3113 con-

274 3161 400 3221 firmare
429 3160 619 3238 argumentis
650 3182 753 3242 neque
785 3164 929 3223 refellere
959 3164 993 3222 in
1025 3154 1131 3227 animo
1160 3178 1223 3226 est:
1258 3187 1297 3226 ex

181 3295 185 3301 ’
243 3273 400 3353 tingenio
423 3293 482 3335 suo
504 3274 639 3355 quisque
667 3271 771 3335 demat
800 3276 851 3337 vel
877 3272 970 3336 addat
998 3274 1102 3337 fidem.
1151 3278 1220 3358 Ipse
1243 3298 1297 3338 eo-

274 3408 346 3449 rum
368 3385 570 3468 opinionibus
598 3383 726 3464 accedo,
758 3391 813 3471 qui
835 3390 1022 3453 Germaniae
1044 3394 1181 3474 populos
1204 3392 1298 3454 nullis

330 3616 357 3684 *)
375 3615 490 3675 victore,
518 3619 588 3673 unde
605 3620 701 3674 bonnm
725 3635 828 3672 sensum
848 3620 1013 3685 cinelinus,
1041 3621 1067 3672 in
1087 3621 1205 3672 omnibns
1224 3620 1297 3672 libris

277 3714 334 3762 est:
359 3712 445 3763 malim
464 3710 589 3770 ductore,
607 3728 674 3780 quae
692 3729 744 3766 vox
762 3702 902 3782 praecipue
920 3713 953 3766 de
972 3713 1138 3766 barbarorum
1157 3715 1226 3766 valet
1247 3713 1296 3765 dn-

278 3801 351 3854 cibns
378 3802 450 3870 (ann.
467 3809 494 3870 2,
513 3808 557 3860 to.
582 3807 608 3871 4,
627 3809 671 3861 46.
699 3809 743 3870 12,
761 3807 820 3873 34.)
867 3806 937 3860 Nihil
966 3813 1051 3860 tamen
1079 3808 1246 3872 mutaverim,
1274 3808 1295 3858 si

276 3898 361 3950 victor
379 3900 502 3966 populum
527 3914 661 3954 romanum
684 3899 832 3967 significare
851 3901 949 3969 possit,
977 3900 1092 3967 Tungris
1115 3899 1223 3952 fratrum
1247 3913 1295 3950 no·

276 3990 345 4043 mine
362 3989 544 4050 blandientem.
