2934 4625
297 204 341 271 48
583 300 586 308 μ
635 194 699 264 ttx
721 194 976 264 ANNsttBth
1078 198 1081 204 ’

299 374 410 440 eodem
431 373 506 435 elisa
529 371 751 434 toleraverant.
793 371 859 433 sola
882 367 1061 431 Germanici
1082 369 1219 434 triremis
1236 369 1325 434 Can·

299 494 432 553 chorum
463 499 580 549 terram
612 485 751 567 appulit,
792 504 887 568 quem
921 504 981 565 per
1012 504 1123 546 omnes
1153 484 1224 546 illos
1256 485 1327 549 dies

265 598 266 601 ¹
299 615 468 685 noctesque
491 597 575 682 apud
596 600 743 680 scopulos
764 610 796 659 et
816 598 1031 680 prominentes
1053 618 1142 675 oras,
1168 618 1267 679 quum
1288 618 1324 660 se

298 718 378 781 tanti
406 714 492 778 exitii
518 734 608 776 reum
636 713 824 790 clamitaret,
856 712 911 774 vix
940 710 1109 772 cohibuere
1138 711 1230 772 amici
1257 731 1324 792 quo

300 832 405 922 mipus
434 825 544 890 eodem
568 827 648 889 mari
670 837 842 907 oppeteret.
885 823 1027 885 Tandem
1052 824 1214 886 relabente
1235 837 1323 886 aestu

301 955 330 1004 et
363 938 553 1004 secundante
584 951 679 1003 vento
712 936 841 1000 claudae
873 956 969 999 naves
999 957 1074 999 raro
1105 938 1236 1018 remigio
1268 950 1326 1001 aut

300 1055 427 1118 intentis
448 1054 588 1119 restibus
612 1066 643 1116 et
669 1051 825 1137 quaedam
851 1074 871 1114 a
899 1050 1104 1117 ualidioribus
1131 1065 1246 1115 nactae
1269 1074 1325 1117 re·

301 1183 435 1248 uertere,
453 1188 531 1252 quas
552 1169 668 1251 raptim
686 1170 820 1232 reiectas
842 1166 926 1231 misit
944 1177 979 1230 nt
999 1179 1213 1231 scrutarentur
1232 1167 1323 1230 inem

300 1284 359 1347 las.
398 1284 521 1346 collecti
542 1305 579 1346 ea
599 1306 675 1347 cura
695 1286 858 1369 plerique,
886 1287 1003 1348 multos
1023 1279 1200 1364 Angrivarii
1220 1304 1325 1364 nuper

302 1396 336 1457 in
368 1394 462 1462 fidem
494 1398 611 1479 accepti
639 1395 818 1479 redemptos
847 1398 887 1459 ab
916 1396 1119 1460 interioribus
1148 1393 1325 1475 reddidere,
1352 1449 1354 1454 ,

303 1507 432 1592 quidam
460 1509 495 1571 in
523 1509 718 1576 Britanniam
746 1514 829 1592 rapti
859 1522 890 1573 et
916 1511 1040 1573 remissi
1063 1532 1081 1572 a
1107 1512 1231 1592 regulis.
1279 1508 1326 1573 Ut

302 1622 376 1705 quis
398 1642 439 1683 ex
466 1622 639 1707 longinquo
660 1637 842 1704 revenerat,
872 1624 1023 1687 miracula
1045 1627 1230 1703 narrabant,
1258 1624 1325 1687 vim

303 1737 466 1800 turbinum
494 1748 525 1797 et
545 1734 702 1802 inauditas
723 1738 885 1816 volucres,
916 1750 1055 1801 monstra
1084 1737 1196 1815 maris,
1225 1737 1325 1800 ambi-

302 1871 379 1931 guas
400 1852 565 1915 bominum
587 1862 617 1914 et
638 1853 804 1918 beluarum
832 1853 967 1933 formas,
999 1854 1150 1919 visseim
1177 1876 1218 1918 ex
1239 1868 1326 1918 metu

304 1964 432 2027 credita.

217 2090 308 2156 nst·
391 2076 454 2141 Sed
484 2078 570 2144 fama
600 2078 703 2142 classis
735 2076 868 2142 ,amissae
900 2092 936 2142 ut
964 2080 1136 2143 Germanos
1166 2079 1205 2141 ad
1236 2101 1327 2161 spem

201 2207 203 2212 ·
305 2191 397 2267 belli,
427 2190 472 2254 ita
499 2210 657 2258 canerem
683 2187 726 2258 nd
754 2189 963 2258 coercendum
993 2195 1101 2257 erexit.
1144 2193 1220 2272 Gajo
1244 2192 1326 2256 Silio

305 2327 378 2369 cum
397 2303 532 2391 ,triginta
559 2303 718 2387 melnen,
749 2307 849 2373 tribus
878 2310 1019 2391 equitnm
1047 2309 1184 2372 millibus
1213 2309 1260 2370 ire
1289 2306 1326 2370 in

306 2421 437 2486 Chattos
465 2422 616 2504 imperata
645 2425 713 2504 ipse
740 2425 912 2504 majoribus
939 2426 1036 2508 copiis
1063 2425 1187 2489 Marsos
1210 2424 1328 2485 irrum-

306 2536 370 2617 pit,
400 2557 535 2620 quorum
556 2536 623 2599 dux
644 2537 865 2603 Mallovendus
886 2559 989 2618 nuper
1008 2538 1043 2598 in
1064 2537 1252 2600 deditionem
1276 2559 1327 2600 ac·

307 2664 415 2732 ceptus
434 2650 616 2733 propinquo
638 2652 710 2716 luco
732 2648 887 2714 defossam
908 2652 1055 2712 varianae
1080 2651 1212 2729 legionis
1237 2646 1329 2732 aqui·

306 2766 371 2828 lam
393 2765 517 2829 modico
545 2764 703 2848 praesidio
732 2766 852 2829 servari
873 2763 1001 2829 indicat.
1043 2765 1142 2827 Missa
1169 2764 1330 2844 extemplo

308 2898 419 2941 manus
441 2880 522 2963 quae
543 2878 665 2943 hostem
687 2900 705 2940 s
725 2878 830 2945 fronte
852 2879 984 2957 eliceret,
1007 2878 1062 2939 alii
1082 2879 1139 2961 qui
1158 2891 1245 2958 terga
1267 2878 1329 2939 cir-

306 2993 477 3073 cumgressi
506 2989 706 3057 recluderent
734 2990 885 3055 humum:
917 3003 948 3052 et
976 2992 1117 3072 utrisque
1146 2992 1235 3053 affuit
1261 2992 1331 3053 for·

308 3113 395 3163 tuna.
438 3121 475 3162 eo
496 3102 674 3181 promptior
694 3120 801 3161 caesar
820 3100 921 3180 pergit
942 3100 1117 3177 introrsus,
1145 3105 1331 3182 populatur,

309 3210 463 3275 exscindit
483 3233 549 3274 non
570 3230 683 3273 ausum
703 3209 853 3290 congredi
873 3211 1014 3289 hostem,
1041 3225 1097 3277 aut
1117 3213 1217 3277 sicubi
1237 3216 1330 3280 resti-

307 3339 388 3389 terat
410 3326 514 3389 statim
534 3326 662 3408 pulsnm
688 3344 909 3408 necunquam
930 3326 1047 3407 magis,
1078 3339 1115 3390 ut
1136 3349 1176 3391 ex
1198 3331 1329 3411 captivis

309 3442 468 3522 cognitum
491 3453 554 3519 est,
584 3454 762 3522 paventem.
816 3442 934 3524 qnippe
954 3442 1089 3504 invictos
1111 3455 1142 3504 et
1162 3442 1257 3504 nullis
1279 3465 1332 3506 ca·

308 3557 395 3620 sibus
428 3559 620 3638 superabiles
653 3558 813 3622 Romanos
845 3555 1088 3640 praedicabant,
1120 3557 1176 3642 qui
1208 3556 1333 3640 perdita

308 3671 418 3751 classe,
443 3672 563 3736 amissis
585 3672 696 3753 armis,
719 3686 792 3756 post
815 3685 973 3736 constrata
993 3694 1149 3757 equorum
1170 3671 1330 3736 virorum-

307 3807 370 3869 que
399 3787 584 3869 corporibus
613 3787 706 3849 litora
740 3784 848 3849 eadem
879 3787 1013 3864 virtute,
1046 3785 1115 3868 pari
1148 3784 1266 3847 ferocia
1300 3795 1331 3846 et

309 3901 407 3971 veluti
429 3904 512 3967 aucti
533 3923 666 3979 numero
687 3902 884 3984 irrupissent.
