2934 4625
293 278 338 346 92
639 276 701 345 EX
725 275 961 345 HISTORIIS

211 463 281 528 est
378 452 457 514 Dux
479 461 612 535 uterque
631 450 703 532 peri
731 450 825 533 culpe
843 449 972 528 meritus
1002 445 1137 514 adversa
1154 453 1317 533 prosperis

294 564 433 630 defuere.
480 586 554 629 nam
582 563 710 644 civitio.
742 565 770 632 si
796 565 969 644 majoribus
994 565 1091 646 copiis
1115 565 1317 632 instruxisset

294 680 390 746 aciem
421 679 577 744 circumiri
601 700 620 740 a
643 691 708 744 tam
725 680 847 761 paucis
872 679 1054 742 cohortibus
1082 681 1243 763 nequisset
1263 704 1315 745 ca·

293 806 592 878 suaqueperrupta
613 791 803 862 exscidisset.
844 792 971 873 Vocula
989 814 1049 854 nec
1065 791 1236 860 adtentum
1252 797 1314 858 ho·

220 898 224 902 ’
292 908 385 970 stium
410 907 587 989 exploravit
616 926 718 990 euque
747 904 841 968 simul
869 926 1009 985 egressus
1024 906 1212 990 rictusque,
1239 908 1312 971 dein

291 1022 442 1086 victoriae
468 1044 582 1104 parum
612 1023 748 1088 confisus
769 1020 851 1083 tritis
876 1022 995 1085 frustra
1017 1018 1128 1083 diebus
1152 1034 1253 1086 castra
1277 1021 1313 1083 in

290 1137 411 1198 hostem
439 1138 555 1217 movit,
577 1159 673 1220 quem
696 1139 724 1200 si
744 1139 848 1200 statim
870 1137 1032 1218 impellere
1052 1157 1240 1220 cursumque
1260 1158 1313 1202 re·

290 1272 362 1312 rum
384 1251 474 1335 sequi
497 1265 699 1332 maturasset,
732 1254 855 1316 solvere
885 1251 1042 1315 obsidium
1069 1253 1227 1330 legionum
1258 1270 1312 1312 eo·

291 1364 362 1426 dem
391 1367 509 1448 impetu
540 1367 653 1449 potuit.
701 1369 892 1433 Tentatsrat
918 1369 1045 1434 interim
1069 1366 1178 1440 *Civilis
1205 1369 1312 1429 obses-

290 1502 400 1544 sorum
420 1481 559 1559 animos,
587 1493 738 1564 tanquam
758 1481 901 1564 perditae
923 1480 1007 1563 apud
1028 1481 1188 1544 Romanos
1206 1501 1258 1542 res
1280 1491 1313 1542 et

291 1596 356 1658 suis
376 1593 755 1676 victoriaprovenissetw
778 1595 1078 1672 circumferebantur
1098 1592 1184 1674 signa
1207 1593 1312 1670 senil-

289 1709 392 1790 Iaque,
417 1689 562 1772 ostentati
583 1706 676 1770 etiam
698 1707 823 1792 captivi,
845 1727 885 1770 ex
906 1706 1021 1791 quibus
1047 1727 1130 1770 unus
1153 1703 1312 1786 egregium

289 1820 410 1882 facinus
429 1841 524 1884 ausus
550 1822 633 1883 clara
653 1841 731 1884 voce
753 1832 837 1899 gesta
858 1819 1018 1906 patefecit,
1042 1821 1204 1902 confossus
1216 1820 1309 1883 :illico

289 1954 309 1995 a
328 1933 511 2012 Germanis:
538 1931 622 1995 unde
645 1937 754 2016 majorl
767 1929 864 2024 indici
886 1930 974 1996 fides.
1013 1931 1116 2024 Simul
1136 1932 1309 2002 vastatione

288 2047 502 2131 incendiisque
523 2047 721 2126 flagrantium
744 2047 890 2109 villarum
911 2048 1019 2112 venire
1040 2050 1192 2112 rictorem
1217 2068 1309 2109 exer·

289 2163 385 2223 citum
412 2161 657 2242 intelligebatur.
703 2162 741 2223 In
765 2174 933 2245 conspectu
961 2176 1133 2226 castrorum
1163 2161 1311 2234 constitui

288 2275 375 2357 signa
412 2277 590 2359 fossamque
625 2286 658 2339 et
688 2278 808 2343 vallum
840 2276 1025 2345 circumdari
1053 2278 1184 2342 Vocula.
1209 2279 1309 2361 jubet,

288 2390 435 2474 depositis
468 2389 701 2474 impedimentis
737 2393 930 2478 sarcinisque
968 2393 1107 2474 expediti
1143 2403 1308 2457 certarent.

286 2508 370 2573 Hinc
389 2509 424 2573 iu
447 2506 557 2571 ducem
589 2511 709 2575 clamor
738 2530 876 2591 pugnam
896 2508 1104 2591 poscentium.
1145 2520 1176 2571 et
1195 2506 1309 2570 minari

287 2636 495 2691 assueverant
536 2644 589 2684 ne
605 2636 747 2704 tempore
770 2620 1187 2707 quidemsdordtnsndam
1210 2622 1308 2689 aciem

286 2748 377 2817 capto
412 2733 613 2817 incompositi
645 2735 782 2818 fessique
815 2733 973 2815 proelium
1010 2756 1182 2827 sumpsere.
1233 2756 1308 2798 nam

287 2849 394 2922 Civilis
415 2846 540 2926 aderat,
574 2867 640 2911 non
663 2848 768 2911 minus
790 2845 874 2910 vitiis
902 2847 1038 2919 hostium
1068 2869 1164 2935 quem
1191 2848 1308 2913 virtute

286 2981 417 3029 suorum
438 2964 546 3028 fretus.
589 2964 695 3045 Varia]
710 2960 795 3045 apud
815 2961 975 3025 Romanos
995 2964 1141 3044 fortuna,
1169 2975 1201 3025 et
1224 2961 1308 3025 sedi-

285 3077 469 3147 tiosissimus
495 3079 628 3160 quisque
648 3076 796 3161 ignarus.
846 3077 973 3159 quidam
990 3077 1129 3163 recentis
1156 3075 1307 3140 victoriae

285 3211 440 3257 memores
462 3192 596 3251 retinere
618 3192 732 3265 locum,
755 3189 850 3253 ferire
871 3191 1122 3272 hostemsseque
1138 3201 1175 3252 et
1193 3194 1308 3271 proxi·

284 3323 353 3367 mos
382 3302 519 3379 hortari,
553 3313 583 3364 et
612 3298 822 3384 redintegrata
853 3301 919 3364 scie
948 3323 1060 3366 monus
1089 3301 1130 3367 sd
1157 3305 1306 3373 obsessos

283 3415 428 3493 tendere,
454 3436 495 3499 ne
520 3416 655 3500 tempori
680 3415 836 3501 deessem.
876 3417 931 3480 Illi·
947 3430 1057 3495 cuucta
1079 3439 1096 3480 e
1116 3420 1216 3487 muris
1237 3441 1305 3488 ocr-

284 3545 393 3597 uentes
426 3533 573 3599 omnibus
603 3536 702 3617 portis
732 3548 953 3621 prorumpunt.
1008 3535 1053 3598 Ac
1082 3537 1163 3601 forte
1196 3535 1305 3605 ortilis

282 3649 373 3729 lapsu
394 3650 471 3732 equi
491 3662 693 3732 prostratus,⁴
715 3646 830 3733 credita
856 3669 915 3732 per
941 3662 1115 3739 utrumque
1132 3648 1304 3727 exercitum

284 3763 383 3840 fama,
415 3764 614 3847 vulneratum
642 3776 699 3825 aut
728 3763 944 3851 interfectum,
979 3764 1130 3829 immane·
1149 3775 1303 3849 quantum

283 3875 348 3937 suis
371 3877 498 3956 pavoris
520 3889 550 3936 et
572 3876 714 3939 hostibus
737 3876 900 3947 alacritatis
920 3875 1044 3963 indidit.
1142 3936 1156 3965 ι.
1236 3948 1239 3955 ,

200 4002 270 4064 4,³5
369 3987 430 4052 Sed
459 3992 581 4053 Vocula
610 3992 729 4055 omissis
755 3991 941 4072 fugientium
971 3990 1064 4072 tergis
1091 3991 1208 4055 vallum
1234 4000 1301 4051 tur·
