2934 4625
486 277 549 346 EX
569 276 823 347 ANNALIBUS
1121 282 1165 349 29

146 453 289 519 sionibus
309 457 403 538 pacis,
425 476 522 537 quum
545 454 674 538 quidam
696 454 737 517 ad
763 453 984 519 Germanicum
1009 454 1165 535 perfugis-

147 580 230 647 sent,
258 569 374 652 reliqui
396 569 516 632 omissis
538 569 625 649 pagis
646 569 785 650 vicisque
807 569 841 630 in
865 569 958 634 silvas
981 567 1165 649 dispergun-

146 691 209 743 tur.
251 680 367 745 Caesar
388 683 515 746 incenso
537 683 651 754 Mattio
674 682 721 763 (id
742 686 827 764 genti
848 685 955 766 caput)
978 697 1085 766 aperta
1107 704 1166 765 po·

44 838 48 847 .
146 797 271 878 pulatus
301 799 396 861 vertit
424 797 463 860 ad
492 798 655 877 Rhenum,
685 820 750 862 non
782 820 858 862 auso
886 801 976 862 hoste
1002 809 1090 877 terga
1111 799 1166 859 ab·

147 914 290 977 euntium
310 915 478 991 lacessere,
500 911 587 997 quod
610 913 657 975 illi
676 914 791 992 moris,
813 915 959 997 quotiens
980 925 1048 976 astu
1069 910 1166 991 magis

8 1023 10 1090 ζ
87 1064 90 1069 -
149 1048 243 1108 quam
265 1047 324 1108 per
344 1026 546 1091 formidinem
568 1029 668 1092 cessit.
715 1030 833 1093 Fuerat
857 1029 979 1090 animus
1001 1027 1166 1089 Cheruscis

145 1150 254 1229 juvare
276 1140 423 1205 Chattos:
457 1141 511 1205 sed
538 1144 691 1207 exterruit
714 1143 848 1208 Caecina
873 1145 935 1208 huc
961 1144 1035 1205 illuc
1062 1143 1167 1204 ferens

147 1275 243 1332 arma,
261 1265 292 1315 et
303 1255 427 1318 Marsos
441 1256 589 1337 congredi
603 1279 695 1321 ausos
713 1278 866 1341 prospero
881 1257 1003 1342 proelio
1018 1256 1168 1320 cohibuit.

229 1365 343 1451 Neque
362 1371 470 1432 multo¹
484 1381 557 1451 post
580 1372 674 1451 legati
698 1393 717 1434 a
745 1371 870 1453 Segeste
899 1384 1055 1435 venerunt
1076 1370 1167 1433 auxi·
1180 1363 1206 1429 1,
1215 1367 1251 1419 57

145 1482 223 1546 lium
245 1496 370 1546 orantes
391 1481 541 1564 adversus
562 1483 627 1546 vim
650 1485 870 1565 popularium,
902 1506 921 1547 a
943 1485 1013 1567 quis
1035 1484 1167 1548 circum·

145 1595 331 1676 sedebatur,
351 1596 503 1660 validiore
526 1595 611 1678 apud
633 1618 687 1660 eos
708 1599 871 1678 Arminio,
900 1597 1028 1680 quando
1049 1601 1168 1660 bellum

146 1708 316 1772 suadebat:
338 1732 409 1771 nam
432 1712 590 1789 barbaris,
612 1725 730 1796 quanto
753 1713 823 1795 quis
845 1713 974 1776 audacia
994 1725 1169 1794 promptus,

146 1836 235 1887 tanto
255 1825 352 1905 magis
369 1825 450 1889 fidus
470 1829 629 1910 rebusque
648 1829 741 1891 motis
759 1828 866 1910 potior
882 1829 1028 1890 habetur.
1069 1823 1169 1888 Addi-

149 1940 238 2004 derat
260 1942 399 2022 Segestes
427 1944 535 2023 legatis
565 1943 665 2006 lilium
686 1944 815 2007 nomine
837 1942 1081 2023 Segimundum:
1114 1937 1170 2004 sed

146 2056 269 2133 juvenis
289 2056 477 2118 conscientia
496 2060 710 2120 cunctabatur.
753 2058 870 2140 quippe
889 2078 982 2132 anno,
1004 2076 1068 2139 quo
1089 2053 1169 2121 Ger·

146 2169 269 2230 maniae
292 2166 449 2234 descivere
461 2166 500 2252 *),
521 2169 665 2233 sacerdos
687 2168 772 2252 apud
794 2192 878 2233 aram
900 2169 1058 2234 Ubiorum
1081 2189 1168 2231 crea·

146 2293 197 2345 tus
218 2296 346 2364 ruperat
372 2285 482 2363 vittas,
510 2287 663 2366 profugus
687 2285 727 2349 ad
750 2289 893 2350 rebelles.
942 2285 1094 2349 adductus
1120 2295 1168 2346 ta·

146 2418 220 2458 men
247 2398 281 2457 in
310 2420 397 2478 spem
423 2399 603 2459 clementiae
624 2418 774 2460 romanae
802 2399 932 2479 pertulit
951 2399 1049 2478 patris
1078 2417 1168 2458 man·

148 2510 237 2588 data,
269 2513 464 2592 benigneque
497 2523 645 2591 exceptus
674 2532 745 2572 cum
777 2509 933 2592 praesidio
962 2512 1103 2588 gallicam
1133 2512 1167 2571 in

147 2626 249 2707 ripam
274 2624 386 2686 missus
415 2634 472 2684 est.
515 2621 703 2685 Germanico
730 2624 867 2704 pretium
896 2622 957 2683 luit
986 2632 1168 2687 convertere

149 2760 275 2819 agmen,
296 2749 532 2820 pugnatumque
554 2737 588 2797 in
610 2733 806 2812 obsidentes,
828 2748 859 2798 et
880 2747 1006 2817 ereptus
1028 2733 1169 2815 Segestes

147 2873 260 2932 magna
286 2872 357 2912 cum
381 2850 635 2932 propinquorum
659 2862 690 2911 et
712 2849 871 2912 clientium
891 2868 998 2913 manu.
1041 2852 1170 2912 Inerant

148 2969 283 3030 feminae
316 2966 454 3043 nobiles,
486 2966 569 3027 inter
602 2986 679 3048 quas
714 2986 799 3028 uxor
829 2965 965 3028 Arminii
998 2965 1169 3048 eademque

147 3083 211 3146 lilia
232 3081 381 3162 Segestis,
403 3080 507 3142 mariti
528 3081 624 3161 magis
646 3101 742 3164 quam
763 3080 903 3162 parentis
924 3080 1044 3156 animo,
1064 3098 1169 3162 neque

147 3199 229 3262 victa
249 3198 284 3258 in
303 3196 446 3261 lacrimas
473 3213 577 3276 neque
598 3213 676 3256 voce
699 3194 851 3274 supplex,
881 3192 1065 3273 compressis
1085 3192 1170 3253 intra

148 3311 252 3372 sinum
277 3309 421 3370 manibus
449 3305 612 3387 gravidum
639 3319 766 3367 uterum
792 3305 929 3368 intuens.
971 3304 1169 3366 Ferehantur

150 3433 182 3482 et
202 3422 302 3502 spolia
321 3422 470 3484 varianae
500 3418 594 3480 cladis
617 3419 776 3501 plerisque
803 3439 930 3498 eorum,
960 3419 1016 3502 qui
1041 3430 1109 3480 tum
1135 3417 1170 3480 in

151 3529 340 3594 deditionem
361 3531 545 3608 veniebant,
566 3528 702 3612 praedae
724 3529 808 3594 data.

236 3641 336 3704 Simul
356 3641 497 3723 Segestes
517 3643 584 3724 ipse
614 3644 723 3723 ingens
748 3642 819 3705 visu
844 3655 875 3703 et
893 3641 1046 3705 memoria
1065 3645 1168 3705 bonae
1185 3658 1256 3723 ¹2⁶⁸

150 3759 305 3825 societatis
322 3757 510 3840 impavidus.
550 3760 658 3822 Verba
680 3765 746 3838 ejus
765 3759 799 3821 in
820 3760 906 3824 hunc
924 3758 1053 3824 modum
1071 3761 1170 3823 fuere.

206 3993 418 4063 &musta
