2934 4625
314 250 357 311 72
666 246 728 313 llll
752 245 988 314 HISTORIIS

229 424 297 488 ¹25⁹
399 423 499 485 lulius
522 420 635 485 deinde
658 420 767 485 Civilis
788 411 929 504 periculo
951 432 1125 503 exemptus,
1146 435 1339 507 praepotens
1447 401 1448 482 l

314 537 396 598 inter
416 536 569 614 Batavos,
597 554 638 597 ne
660 534 815 617 supplicio
837 540 905 614 ejus
925 536 1018 600 ferox
1039 555 1115 615 gens
1137 536 1340 605 alienaretur.
1438 535 1448 614 ¹:

315 663 346 713 et
367 663 455 713 erant
475 651 510 712 in
534 650 658 714 ciuitate
678 650 858 731 Lingonum
878 662 948 713 octo
970 652 1164 714 Batavorum
1183 653 1340 734 cobortes,
1448 705 1449 718 ,

315 774 445 845 quartae
467 760 616 825 decumae
636 762 768 843 legionis
789 762 924 843 auxilia,
945 774 1014 825 tum
1038 761 1195 852 discordia
1215 778 1340 849 tempo-

314 898 386 937 rum
409 900 427 939 a
447 878 570 958 legione
591 874 756 958 digressae,
777 887 875 957 prout
896 874 1109 955 inclinassent,
1129 875 1247 958 grande
1268 899 1340 942 mo·

315 1003 455 1053 mentum
476 991 578 1055 sociae
600 1005 655 1055 aut
678 989 837 1055 adversae.
878 991 1039 1070 Nonium,
1060 993 1251 1074 Donatium,
1271 994 1340 1057 Ro·
1449 1031 1450 1044 κ

315 1108 452 1185 milium,
480 1106 689 1191 Calpurnium
709 1108 927 1187 cenmrIones,
958 1108 997 1172 de
1020 1110 1135 1193 quibus
1158 1130 1256 1192 supra
1274 1123 1341 1173 ret·
1449 1163 1450 1166 ,

315 1223 454 1299 tollmus,
476 1220 576 1284 occidi
595 1227 686 1302 jussit
706 1223 870 1286 damnatos
897 1222 972 1287 fidei
993 1223 1133 1302 crimine,
1154 1222 1338 1304 gravissimo
1448 1297 1450 1318 γ

315 1339 397 1400 inter
417 1336 631 1402 desciscentes.
672 1360 828 1404 accessere
848 1338 992 1421 partibus
1013 1337 1160 1402 Valerius
1181 1338 1339 1402 Asiaticus
1449 1343 1451 1392 l

316 1452 453 1533 belgicae
482 1453 663 1535 prouinciae
691 1455 829 1535 legatus,
855 1476 951 1539 quem
972 1475 1050 1517 mox
1076 1453 1222 1518 Vitellius
1244 1476 1340 1535 gene·

317 1590 390 1631 rum
426 1567 572 1648 adscivit,
604 1582 635 1632 et
667 1570 780 1632 Iunius
812 1570 944 1633 Blaesus
978 1567 1182 1649 lugdunensia
1217 1568 1341 1632 Galliae

318 1694 421 1744 rector
446 1703 516 1744 cum
536 1680 640 1745 italica
659 1682 783 1763 legione
807 1695 838 1744 ct
865 1684 915 1744 ala
936 1683 1079 1746 Taurina
1099 1681 1248 1762 Lugduni
1269 1695 1341 1745 ten·

319 1793 482 1873 dentibus,
512 1816 569 1858 nec
590 1796 626 1859 in
646 1795 771 1859 raeticis
793 1794 892 1876 copiis
911 1815 1003 1858 mora
1023 1815 1089 1879 quo
1110 1795 1215 1858 minus
1236 1796 1340 1859 statim

319 1908 574 1991 adjungerentur.

237 2039 306 2103 hoo
404 2022 455 2086 Ne
476 2023 510 2084 iu
534 2020 699 2085 Britannia
720 2021 848 2105 quidem
870 2019 1058 2085 dubitatum.
1080 2034 1140 2085 etc.

240 2153 302 2219 t‚ot
405 2137 563 2216 Adjuncto
583 2138 760 2201 britannico
784 2139 925 2200 exercitu
945 2137 1054 2218 iugens
1071 2137 1191 2202 viribus
1210 2135 1342 2217 opibus·

322 2272 383 2335 que
405 2251 553 2315 Vitellius
578 2250 658 2317 duos
682 2251 794 2333 duces,
828 2252 891 2317 duo
920 2252 1033 2318 itinera
1059 2255 1143 2316 bello
1165 2250 1342 2316 destinavit.

321 2366 438 2431 Fabius
458 2370 576 2433 Valens
600 2371 724 2433 allicere
746 2372 807 2449 vel,
828 2371 855 2432 si
874 2373 1058 2449 abnuerent,
1078 2382 1202 2435 vastare
1223 2369 1342 2431 Gallias
1443 2368 1450 2425 ἶ

323 2494 352 2544 et
373 2484 515 2546 cottianis
537 2484 661 2566 alpibus
681 2483 804 2545 ltaliam
824 2482 1016 2564 irrumpere,
1036 2481 1171 2546 Caecina
1190 2482 1341 2564 propiore

322 2596 457 2657 transitu
476 2597 600 2677 peninis
623 2597 703 2678 jugis
730 2595 857 2676 degredi
877 2600 992 2674 jussus.
1033 2597 1161 2660 Valenti
1180 2595 1341 2658 inferioris
1441 2624 1445 2633 ’

323 2711 478 2774 exercitus
498 2710 588 2773 electi
608 2731 680 2774 cum
705 2708 813 2792 aquila
841 2707 969 2792 quintae
990 2706 1121 2787 legionis
1146 2720 1177 2771 et
1204 2707 1342 2771 cohorti·
1445 2734 1454 2759 a

323 2823 384 2886 bus
407 2825 525 2908 alisque
546 2822 587 2886 ad
609 2821 814 2906 quadraginta
836 2823 935 2885 millia
959 2833 1151 2885 armatorum
1173 2819 1263 2885 data:
1284 2820 1343 2885 tri·

323 2937 408 3018 ginta
444 2939 541 3002 millia
578 2935 712 3001 Caecina
744 2957 762 2998 e
797 2936 961 3017 superiore
995 2932 1164 2997 Germanis
1196 2932 1343 3005 ducebat,

323 3071 461 3133 quorum
482 3054 582 3113 robur
601 3050 682 3128 legio
705 3070 784 3124 una,
806 3047 1103 3129 prImaetvicesima,
1124 3047 1194 3109 fuit.
1236 3046 1344 3109 addita

323 3162 450 3242 utrique
480 3160 713 3223 Germanorum
743 3163 879 3239 auxilia,
910 3182 930 3223 e
956 3160 1073 3242 quibus
1094 3158 1240 3221 Vitellius
1268 3180 1343 3226 suas

324 3290 452 3357 qnoque
474 3273 579 3357 copias
599 3270 773 3354 supplerit,
794 3283 857 3333 tota
878 3271 962 3333 mole
982 3271 1060 3333 belli
1078 3283 1256 3334 secuturus.

240 3399 310 3463 uon
409 3387 493 3451 Mira
523 3387 608 3450 inter
640 3386 812 3450 exercitum
845 3386 1132 3470 imperatoremque
1168 3384 1344 3451 diversitas.

323 3498 439 3561 instare
456 3496 555 3579 miles,
575 3520 662 3562 arma
679 3518 819 3582 poscere,
840 3496 917 3560 dum
937 3498 1056 3562 Galliae
1077 3497 1243 3582 trepident,
1265 3497 1344 3562 dum

323 3613 494 3698 Hispaniae
513 3626 706 3679 cunctentur.
747 3635 813 3678 non
830 3617 954 3677 obstare
975 3615 1112 3678 hiemem
1130 3637 1233 3701 neque
1252 3615 1344 3696 igna-

324 3747 380 3789 vae
402 3728 486 3808 pacis
507 3748 623 3790 moras.
661 3725 872 3793 invadendam
892 3728 1032 3808 ltaliam,
1054 3728 1267 3813 occupandam
1287 3751 1344 3792 ur·

325 3841 406 3903 bem.
459 3842 537 3904 nibil
567 3844 602 3905 in
637 3841 799 3908 discordiis
832 3841 976 3907 civilibus
1008 3843 1207 3909 festinatione
1235 3844 1343 3922 tutius,

326 3957 380 4018 ubi
408 3957 488 4020 facto
517 3957 613 4039 magis
643 3981 738 4043 quam
769 3960 912 4023 consulto
942 3978 1021 4042 opus
1052 3971 1142 4023 esset.
1182 3960 1343 4041 Torpcbat
