2934 4625
310 259 373 328 1oe
663 199 734 326 EX*
750 257 984 330 fltsrottns

307 447 524 520 pensarentur.
575 433 704 498 Cerialis
726 459 746 499 a
768 447 855 498 metu
875 435 1039 513 infamiae,
1068 434 1095 498 si
1114 434 1240 499 licentia
1262 456 1333 499 sae·

307 550 447 634 vitiaque
476 552 617 614 imbuere
647 551 778 614 militem
812 549 1008 630 crederetur,
1040 554 1152 634 pressit
1183 552 1264 617 iras:
1301 565 1334 615 et

306 687 442 749 paruere
475 666 579 748 posito
611 666 726 730 civium
761 670 844 730 bello
878 665 919 730 ad
952 679 1083 731 externa
1113 667 1330 733 modestiores.

306 780 470 845 Convertit
492 780 565 844 inde
585 782 707 845 animos
733 783 900 847 accitarum
925 805 942 846 e
963 781 1210 847 Mediomatricis
1230 784 1331 864 legio·

305 917 383 958 num
416 896 601 961 miserabilis
633 910 787 981 aspectus.
843 902 968 963 stabant
1002 897 1191 964 conscientia
1220 896 1331 978 flagitii

305 1022 442 1072 moestae
471 1008 543 1073 fixis
572 1010 606 1072 in
637 1025 755 1076 terram
787 1015 896 1077 oculis.
948 1015 1036 1079 nulla
1068 1014 1152 1076 inter
1181 1027 1331 1076 coeuntes

305 1124 461 1187 exercitus
490 1123 705 1187 consalutatio.
748 1146 852 1209 neque
883 1128 1059 1189 solantibus
1086 1127 1329 1191 hortantibusve

304 1259 457 1319 responsa
485 1236 602 1301 dabant
630 1235 729 1300 abditi
752 1261 809 1319 per
829 1242 964 1302 tentoria
986 1253 1017 1302 et
1036 1240 1139 1302 lucem
1159 1240 1259 1321 ipsam
1279 1239 1330 1300 vi-

304 1362 415 1414 tantes.
463 1351 530 1412 Nec
550 1351 685 1432 proinde
708 1354 884 1434 periculum
907 1364 961 1416 aut
982 1365 1084 1415 meme
1106 1374 1201 1436 quam
1222 1350 1330 1434 pudor

304 1484 340 1525 ac
374 1461 509 1526 dedecus
542 1465 810 1545 obstupefecerat,
847 1465 985 1530 attonitis
1019 1468 1112 1529 etiam
1144 1454 1328 1543 victoribus,

305 1579 362 1661 qui
382 1600 492 1643 vocem
517 1598 689 1661 precesque
715 1577 867 1643 adhibere
892 1602 959 1645 non
980 1583 1049 1645 ausi
1072 1582 1207 1646 lacrimis
1226 1603 1262 1644 ac
1283 1582 1329 1643 si·

303 1694 402 1757 lentio
430 1692 554 1757 veniam
584 1696 774 1774 poscebant,
807 1691 907 1757 donec
929 1692 1059 1758 Cerialis
1083 1696 1235 1758 mulceret
1258 1695 1329 1757 ani·

306 1828 373 1871 mos
399 1809 464 1870 fato
485 1820 553 1871 acta
574 1805 718 1871 dictitans
745 1829 827 1891 quae
849 1807 983 1871 militnm
1009 1806 1186 1892 ducumque
1207 1805 1328 1870 discor-

305 1918 358 1983 dia
379 1922 431 1985 vel
459 1918 571 1983 fraude
599 1920 739 1984 hostium
760 1922 945 1984 evenissent.
986 1921 1125 2004 primum
1153 1922 1242 1984 illum
1271 1921 1327 1983 sti·

303 2033 492 2117 pendiorum
520 2048 552 2097 et
580 2037 767 2098 sacramenti
795 2034 875 2100 diem
906 2037 1072 2099 haberent.
1113 2035 1256 2117 priorum
1277 2036 1336 2096 fam

303 2148 446 2210 cinerum
465 2168 570 2230 neque
587 2148 811 2229 imperatorem
830 2169 934 2231 neque
953 2169 987 2212 se
1006 2148 1192 2212 meminisse.
1233 2147 1325 2211 Tunc

303 2261 421 2346 recepti
448 2261 482 2323 in
513 2258 623 2324 eadem
649 2275 766 2340 castra,
798 2272 829 2325 et
854 2261 987 2329 edictum
1007 2285 1066 2348 per
1084 2262 1260 2346 manipulos
1282 2281 1324 2323 ns

302 2377 373 2461 quis
394 2379 427 2440 in
450 2378 619 2440 certamine
644 2378 787 2459 iurgiove
814 2378 999 2444 seditionem
1021 2392 1074 2443 aut
1097 2377 1216 2442 cladem
1237 2398 1324 2442 com·

301 2492 437 2557 militoni
461 2463 639 2571 objectaret.

218 2618 245 2682 4,
253 2620 289 2671 'ta
313 2612 334 2631 s
386 2610 467 2672 Mox
488 2611 646 2673 Treveros
676 2630 712 2671 ac
733 2608 893 2689 Lingonas
921 2606 961 2670 ad
990 2607 1172 2670 concionem
1195 2617 1324 2670 vocatos

301 2727 345 2790 ita
372 2727 561 2808 alloquitur:
594 2726 707 2807 ‘neque
735 2745 792 2804 ego
822 2744 964 2806 unquam
991 2722 1169 2786 facundiam
1196 2722 1325 2786 exercui

302 2854 333 2905 et
359 2842 472 2923 populi
500 2839 626 2903 romani
652 2841 801 2902 virtutem
830 2839 925 2901 armis
956 2837 1120 2902 affirmavi.
1163 2837 1219 2904 sed
1246 2839 1322 2923 quia

302 2952 388 3037 apud
405 2974 460 3017 vos
479 2954 576 3018 verba
596 2949 770 3033 plurimum
789 2953 905 3031 valent,
926 2953 1075 3035 bonaque
1095 2974 1133 3016 ac
1153 2954 1235 3015 mala
1255 2972 1323 3016 non

301 3084 358 3124 sua
379 3076 492 3125 natura
513 3059 569 3122 sed
589 3061 718 3123 vocibus
740 3057 959 3122 seditiosorum
982 3061 1200 3139 aestimantur,
1228 3063 1324 3124 statui

299 3195 399 3256 pauca
426 3174 595 3249 disserere,
626 3189 707 3251 quae
734 3171 903 3250 profligato
931 3173 1016 3234 bello
1042 3172 1149 3233 utilius
1169 3170 1210 3233 sit
1230 3171 1322 3236 vobis

300 3284 424 3349 audisse
455 3304 550 3369 quam
578 3285 669 3346 nobis
701 3281 829 3346 dixisse.
878 3285 1010 3347 Terram
1039 3297 1173 3349 vestram
1202 3301 1323 3351 cetero·

209 3388 212 3393 .
299 3424 436 3486 rumque
468 3401 632 3464 Gallorum
661 3401 795 3481 ingressi
824 3412 898 3463 sunt
931 3398 1024 3463 duces
1055 3400 1321 3485 imperatoresque

299 3520 422 3582 romani
443 3519 529 3579 nulla
551 3515 715 3599 cupidine,
741 3517 797 3580 sed
819 3517 992 3594 majoribus
1013 3518 1124 3581 vestris
1145 3519 1321 3582 invocanti·

299 3637 377 3710 bus,
407 3652 486 3715 quos
512 3628 686 3693 discordiae
713 3651 815 3714 usque
845 3628 885 3692 ad
912 3629 1042 3694 exitium
1068 3633 1256 3712 fatigabant:
1289 3646 1321 3695 et

300 3748 389 3812 acciti
425 3745 544 3809 auxilio
579 3744 728 3807 Germani
765 3746 856 3809 sociis
891 3745 1012 3827 pariter
1045 3758 1139 3828 atque
1174 3745 1318 3809 hostibus

299 3863 479 3925 servitutem
507 3860 730 3941 imposuerant.
781 3874 859 3944 quot
890 3863 1020 3945 proeliis
1054 3860 1202 3925 adversus
1233 3857 1318 3922 Cim·

299 3984 373 4042 bros
395 3978 636 4060 Teutonosque,
666 3978 792 4059 quantis
814 3978 1008 4042 exercituum
1029 3992 1208 4042 nostrorum
1228 3978 1318 4040 labo·

1460 4054 1461 4085 t

1459 4092 1461 4133 l

1459 4142 1461 4187 l
