2934 4625
480 252 543 322 [tx
565 252 801 322 HISTORIIS
1108 255 1149 321 71

219 435 368 500 Proxima
383 431 514 514 legionis
532 432 652 513 primae
669 432 804 496 hiberna
823 443 911 496 erant
933 445 964 496 et
983 435 1236 516 promptis-1,5t

132 548 231 611 simus
252 570 269 610 e
289 550 397 629 legatis
416 548 534 611 Fabius
555 549 681 613 Valens.
726 549 753 613 is
773 547 823 611 die
843 550 990 632 proximo
1011 549 1044 612 in
1066 551 1153 612 colo·

132 663 218 726 niam
245 666 496 746 agrippinensem
525 683 594 727 cum
626 663 784 746 equitibus
814 664 945 745 legionis
970 662 1153 725 auxiliario·

131 800 266 862 rumque
306 799 450 859 gressus
470 779 691 858 imperatorem
728 777 893 841 Vitellium
940 780 1153 843 consalutauit.

133 906 256 955 secutas
285 893 403 973 ingenti
433 891 600 953 certamine
629 889 767 969 ejusdem
795 892 975 971 provinciae
1003 894 1151 973 legiones,

133 1018 165 1068 et
192 1006 338 1087 superior
367 1006 540 1081 exercitus,
568 1005 715 1085 speciosis
745 1018 870 1066 senatus
902 1007 1075 1089 populique
1098 997 1151 1070 io-

131 1120 218 1181 mani
237 1120 418 1181 nominibus
439 1118 572 1196 relictis,
598 1120 726 1182 tertium
746 1139 849 1181 nonas
868 1122 1027 1198 januarias
1050 1123 1151 1183 Vitel-

131 1235 175 1296 lio
199 1233 335 1297 accessit.
376 1234 471 1295 scires
497 1233 588 1295 illum
616 1232 729 1315 priore
750 1230 848 1294 biduo
874 1253 940 1294 non
963 1254 1058 1314 penes
1084 1256 1150 1297 rem

131 1352 290 1432 publicam
320 1349 427 1411 fuisse.
484 1346 640 1411 Ardorem
676 1348 869 1411 exercituum
899 1351 1151 1432 Agrippinenses,

132 1463 278 1541 Treveri,
300 1462 457 1542 Lingones
478 1462 671 1545 aequabant,
692 1462 824 1541 auxilia,
847 1483 954 1545 equos,
978 1484 1074 1541 arma,
1094 1486 1151 1545 pe·

133 1582 240 1643 eunias
262 1582 447 1655 offerentes,
475 1591 510 1640 nt
533 1579 667 1662 quisque
690 1598 839 1660 corpore,
866 1580 997 1659 opibus,
1023 1580 1149 1659 ingenio

131 1692 265 1755 validus.
304 1711 363 1752 neo
383 1691 539 1772 principes
558 1688 653 1752 modo
675 1690 870 1753 coloniarum
893 1704 948 1752 aut
968 1705 1149 1771 castrorum,

132 1811 248 1892 quibus
271 1808 448 1889 praesentia
469 1827 511 1869 ex
532 1805 675 1869 affluenti
704 1818 735 1869 et
757 1820 847 1889 parta
867 1806 999 1871 victoria
1019 1828 1149 1887 magnae

131 1944 219 2005 spes,
240 1922 296 1985 sed
314 1921 469 2003 manipuli
485 1942 613 2003 quoque
630 1933 660 1983 et
674 1921 833 2003 gregarius
853 1922 941 1987 miles
960 1923 1071 1988 viatica
1093 1944 1151 1986 sua

132 2048 163 2097 et
181 2038 299 2098 balteos
318 2035 538 2117 phalerasque,
558 2034 691 2114 insignia
710 2056 870 2099 minorum
890 2049 1018 2117 argento
1038 2036 1151 2101 decora

129 2153 202 2215 loco
217 2151 369 2233 pecuniae
384 2147 551 2212 tradebant
570 2150 718 2212 instinctu
736 2164 768 2213 et
783 2152 901 2233 impetu
920 2165 950 2216 et
968 2152 1107 2216 att-aritia.

215 2266 314 2346 Igitur
335 2262 463 2326 laudata
492 2262 626 2324 militum
655 2263 813 2327 alacritate
835 2265 981 2328 Vitellius
1009 2265 1149 2330 ministe-
1165 2280 1236 2347 aas

129 2380 179 2441 ria
201 2378 394 2460 principatus
420 2399 479 2458 per
504 2377 634 2440 libertos
662 2380 712 2458 agi
738 2381 829 2441 solita
849 2381 883 2439 in
905 2384 1024 2462 equites
1045 2403 1151 2445 roma·

130 2510 189 2553 nos
212 2489 365 2570 disponit,
386 2487 563 2551 vacationes
586 2489 821 2551 centurionibus
842 2511 882 2552 ex
901 2490 976 2586 fisco
997 2510 1151 2572 numerat,

129 2604 290 2667 saevitiam
320 2603 454 2664 militum
484 2604 652 2686 plerosque
682 2601 721 2664 ad
752 2625 887 2685 poenam
916 2608 1150 2685 exposcentium

128 2720 253 2801 saepius
281 2720 453 2799 approbat,
488 2719 603 2799 partim
633 2718 829 2781 simulatione
858 2720 1056 2783 vinculorum
1082 2721 1150 2781 fru-

129 2848 257 2899 stratur.
299 2836 469 2916 Pompeius
489 2835 694 2918 Propinquus
716 2846 904 2915 procurator
926 2836 1068 2915 Belgicae
1087 2848 1150 2898 sta·

128 2949 184 3010 tim
214 2948 407 3009 interfectus.
460 2945 578 3007 lulium
608 2946 792 3011 Burdonem
822 2949 1017 3028 germanicae
1045 2947 1150 3009 classis

128 3062 321 3143 praelectum
343 3072 410 3122 astu
433 3061 598 3122 subtraxit.
642 3073 802 3122 exarserat
824 3063 857 3123 in
887 3082 959 3123 eum
987 3058 1149 3124 iracundia

130 3178 302 3251 exercitus,
341 3187 493 3258 tanquam
526 3177 644 3239 crimen
676 3197 712 3237 ac
743 3196 819 3238 mox
853 3174 982 3237 insidias
1015 3173 1147 3252 Fontejo

130 3287 275 3368 Capitoni
295 3289 469 3350 struxisset.
510 3299 598 3365 grata
623 3301 695 3367 erat
722 3290 875 3351 memoria
905 3287 1084 3371 Capitonis,
1118 3300 1148 3349 ct

129 3399 214 3481 apud
236 3401 408 3462 saevientes
430 3398 571 3462 occidere
595 3401 716 3481 palam,
736 3402 897 3481 ignoscere
920 3396 985 3463 non
1006 3399 1068 3462 nisi
1088 3400 1147 3462 fal-

128 3506 224 3572 lendo
245 3507 368 3568 licebat.
408 3507 452 3568 ita
475 3508 511 3567 in
534 3506 675 3570 custodia
697 3510 823 3571 habitus
845 3521 877 3570 et
895 3522 967 3590 post
984 3510 1147 3573 victoriam

129 3620 256 3683 demum
281 3620 384 3680 stratis
405 3623 468 3695 jam
489 3617 624 3680 militum
646 3617 724 3683 odiis
750 3618 894 3684 dimissus
918 3634 974 3685 est.
1015 3622 1147 3715 Interim

128 3748 164 3798 ut
182 3734 343 3818 piaculum
367 3732 512 3810 objicitur
534 3733 675 3797 centurio
698 3733 872 3819 Crispinus.
913 3736 1062 3818 sanguine
1084 3735 1146 3797 Ca·

129 3850 243 3932 pitonis
268 3870 301 3912 se
324 3858 541 3910 cruentaverat
571 3868 672 3931 eoque
701 3865 733 3915 ct
761 3853 992 3936 postulantibus
1014 3852 1144 3916 manile·

130 3969 208 4029 stior
227 3979 257 4027 et
280 3964 426 4047 punienti
446 3962 540 4027 vilior
561 3965 630 4028 luit.
