2934 4625
271 262 294 329 6
660 260 895 330 GERMANIA

274 439 367 502 cisam
395 438 432 500 in
460 439 603 501 surculos
633 451 812 520 amputant,
847 458 965 521 eosque
993 435 1076 501 notis
1104 434 1292 519 quibusdam

273 549 421 614 discretos
449 569 546 632 super
573 548 738 614 candidam
770 562 904 628 vestem,
937 564 1055 613 temere
1087 572 1123 614 ac
1154 549 1295 628 fortuito,

273 677 433 748 spargunt.
474 686 560 742 mox,
582 667 609 727 si
632 667 758 747 publice
779 666 968 743 consuletur,
992 665 1137 729 sacerdos
1154 667 1295 743 civitatis,

274 781 324 843 sin
345 782 509 864 privatim,
537 783 604 862 ipse
626 782 874 863 paterfamiliae
897 795 1040 862 precatus
1063 780 1137 844 deos
1157 784 1296 844 coelum·

275 915 337 978 que
368 894 539 976 suspiciens
571 907 620 956 ter
649 894 790 974 singulos
822 895 921 971 tollit,
952 896 1092 957 sublatos
1122 895 1295 957 secundum

274 1007 456 1090 impressam
486 1023 558 1071 ante
584 1022 692 1074 notam
719 1011 956 1091 interpretatur.
999 1011 1026 1072 si
1055 1013 1298 1091 prohibuerunt,

273 1125 362 1187 nulla
391 1123 431 1187 de
462 1124 570 1187 eadem
599 1146 635 1186 re
664 1125 700 1186 in
729 1122 865 1187 eundem
898 1121 981 1185 diem
1013 1122 1214 1200 consultatio;
1246 1124 1296 1206 sin

275 1239 478 1320 permissum,
507 1240 720 1320 auspiciorum
749 1237 852 1302 adbuc
873 1236 951 1301 fides
972 1239 1118 1318 exigitur.
1160 1237 1200 1298 Et
1219 1234 1298 1298 illud

277 1352 404 1436 quidem
434 1354 527 1416 etiam
554 1355 605 1417 hic
632 1366 760 1433 notum,
792 1353 898 1418 avium
923 1374 1016 1418 voces
1037 1355 1225 1434 volatusque
1248 1354 1299 1413 in·

275 1479 447 1551 terrogare.
496 1468 667 1551 Proprium
688 1470 789 1549 gentis
811 1490 967 1551 equorum
989 1488 1117 1551 quoque
1138 1469 1299 1550 praesagia

276 1603 313 1645 ac
333 1583 473 1645 monitus
494 1583 641 1662 experiri.
689 1584 815 1664 publice
836 1585 966 1644 aluntur
984 1581 1095 1644 iisdem
1116 1583 1297 1649 nemoribus

278 1719 313 1759 ac
339 1698 418 1759 lucis
440 1695 566 1761 candidi
593 1707 624 1759 et
651 1698 740 1760 nullo
770 1698 894 1760 mortali
922 1718 1018 1780 opere
1040 1698 1174 1761 contacti
1181 1742 1190 1777 ,
1219 1718 1299 1781 quos

276 1831 401 1893 pressos
430 1831 519 1874 sacro
551 1830 649 1873 curru
678 1808 822 1873 sacerdos
846 1832 882 1872 ac
902 1832 962 1873 rex
983 1813 1035 1877 vel
1056 1813 1203 1894 princeps
1224 1813 1300 1874 civi·

276 1925 347 1987 tatis
385 1926 591 2001 comitantur,
630 1923 836 2007 hinnitusque
871 1944 906 1985 ac
944 1925 1087 1987 fremitus
1122 1926 1301 1989 observant.

279 2061 338 2103 nec
368 2040 425 2102 ulli
454 2038 593 2119 auspicio
617 2043 718 2115 major
745 2037 822 2100 fides
845 2059 910 2101 non
931 2041 1034 2101 solum
1056 2036 1140 2120 apud
1163 2040 1300 2119 plebem,

280 2153 365 2237 apud
384 2173 540 2236 proceres,
561 2152 646 2235 apud
662 2151 858 2218 sacerdotes:
883 2174 917 2216 se
940 2155 1024 2216 enim
1043 2154 1204 2216 ministros
1224 2152 1301 2217 deo·

278 2287 370 2344 rum,
399 2268 472 2331 illos
498 2267 638 2330 conscios
665 2278 788 2348 putant.
829 2267 886 2329 Est
911 2279 941 2330 et
962 2268 1023 2330 alia
1046 2267 1222 2333 observatio
1244 2289 1301 2330 au·

280 2385 466 2466 spiciorum,
501 2402 564 2463 qua
598 2381 742 2460 gravium
772 2381 930 2442 bellorum
963 2392 1092 2444 eventus
1125 2383 1302 2463 explorant.

276 2504 347 2577 ‚ejus
379 2498 497 2577 gentis,
533 2515 604 2557 cum
635 2516 698 2578 qua
726 2495 845 2556 bellum
879 2507 943 2572 est,
976 2496 1134 2576 captivum
1170 2494 1300 2579 quoquo

281 2610 376 2675 modo
396 2612 603 2693 interceptum
624 2631 695 2673 cum
724 2611 823 2674 electo
844 2611 1045 2692 popularium
1068 2631 1215 2690 suorum,
1244 2633 1301 2691 pa·

279 2728 346 2790 triis
367 2748 523 2810 quemque
545 2723 655 2803 armis',
675 2726 892 2789 committunt:
922 2724 1053 2788 victoria
1073 2726 1167 2801 hujus
1191 2725 1244 2789 vel
1262 2725 1302 2785 il·

280 2844 341 2905 lius
363 2864 422 2925 pro
447 2839 638 2924 praejudicio
659 2842 819 2924 accipitur.

232 2966 266 3016 11
366 2955 417 3017 De
437 2956 613 3018 minoribus
633 2956 729 3016 rebus
751 2953 910 3037 principes
931 2955 1123 3031 consultant,
1145 2950 1184 3013 de
1204 2954 1304 3029 maio·

280 3068 369 3130 ribus
393 3089 512 3131 omnes.
553 3072 598 3130 ita
619 3082 741 3142 tamen,
763 3080 800 3129 ut
820 3090 857 3131 ea
878 3089 1021 3149 quoque,
1044 3086 1180 3148 quorum
1204 3085 1302 3145 penes

281 3181 407 3262 plebem
444 3181 607 3243 arbitrium
646 3193 709 3259 est,
753 3180 838 3261 apud
870 3181 1028 3261 principes
1065 3191 1304 3260 pertractentur.

282 3292 424 3374 Coeunt,
455 3294 518 3356 nisi
543 3293 621 3376 quid
647 3295 812 3357 fortuitum
840 3306 871 3357 et
890 3296 1035 3369 ¹subitum
1058 3292 1183 3371 incidit,
1212 3295 1304 3356 certis

282 3405 411 3485 diebus,
443 3430 542 3491 quum
566 3423 620 3472 aut
647 3411 814 3472 inchoatur
842 3410 920 3471 luna
948 3423 1003 3472 aut
1032 3410 1198 3490 impletur:
1229 3430 1303 3471 nam

282 3521 408 3602 agendis
425 3524 521 3585 rebus
538 3524 599 3587 lroc
618 3523 898 3605 auspicatissimum
911 3524 1036 3585 initium
1053 3523 1194 3587 credunt.
1235 3523 1303 3586 Nec

282 3632 405 3698 dierum
426 3659 611 3716 numerum,
631 3651 668 3700 ut
689 3660 763 3717 nos,
785 3638 841 3700 sed
862 3640 1003 3702 noctium
1025 3652 1226 3722 computant3
1258 3638 1303 3700 sic

283 3753 493 3831 constituunt,
524 3754 568 3815 sic
597 3753 781 3816 condicunt:
814 3775 880 3817 nox
913 3753 1026 3816 ducere
1055 3754 1136 3817 diem
1168 3751 1303 3817 videtur.

282 3859 363 3924 Illud
387 3883 427 3926 ex
449 3865 592 3930 libertate
618 3866 747 3945 vitium,
774 3865 859 3950 quod
883 3888 962 3930 non·
975 3870 1068 3930 simul
1091 3889 1149 3929 nec
1170 3879 1205 3928 ut
1226 3869 1304 3944 jussi

283 3980 490 4055 conveniunt,
531 3981 586 4044 sed
619 3994 650 4045 et
686 3984 765 4044 alter
798 3993 830 4045 et
863 3983 973 4043 tertius
1008 3980 1073 4043 dies
1107 3982 1302 4043 cunctatione
