2934 4625
2 4024 4 4088 l

435 301 437 304 -
543 256 609 326 EX
630 256 866 329 moronus
1059 289 1066 306 .
1152 269 1215 335 117

195 433 329 516 insulam
350 431 433 494 inter
457 430 695 515 Germanosque
718 434 945 499 continentium
966 451 1122 503 terrarum
1144 460 1215 522 spe·

190 549 274 609 ciem
297 549 420 636 lecerat.
463 547 800 609 Transiere-Rhenum
814 548 916 613 Tutor
935 571 1062 634 quoque
1083 564 1114 614 et
1129 553 1215 617 Clas-

194 663 276 726 sicus
293 665 328 725 'ct
348 661 643 730 centum'tredecim
663 664 878 728 Treuerorum
899 678 1066 741 senatores,
1087 667 1123 728 in
1144 668 1214 750 quis

192 776 254 839 fuit
274 776 419 858 Alpinius
438 776 620 854 Montanus,
640 796 735 859 quem
758 798 777 838 a
798 777 904 841 Primo
928 777 1066 841 Antonio
1085 780 1214 841 missum

191 890 227 951 in
243 890 359 953 Gallias
378 890 524 973 superius
539 892 793 956 memoravimus.
835 892 1041 956 comitabatur
1056 914 1130 955 aum
1150 895 1215 956 fra·

191 1013 241 1064 ter
256 1001 406 1065 Decimus
423 1002 579 1085 Alpinius.
622 1003 724 1067 Simul
748 1006 843 1068 ceteri
861 1005 1061 1070 miseratione
1084 1020 1138 1069 aut
1157 1005 1214 1069 do-

192 1114 242 1179 nis
267 1116 385 1179 auxilia
406 1119 573 1182 concibant
592 1119 676 1183 inter
695 1133 801 1201 gentes
821 1123 1035 1204 periculorum
1055 1121 1171 1185 avidas.

278 1231 478 1315 Tantumque
506 1233 582 1296 belli
610 1235 768 1316 superfuit
794 1233 1007 1317 ut3prassidia
1030 1236 1215 1314 cohortium,
1229 1249 1301 1312 aso

190 1345 329 1426 alarum,
356 1345 516 1426 legionum
538 1366 604 1409 uno
631 1344 682 1408 dic
708 1346 817 1413 Civilis
838 1346 1069 1431 quadripartito
1091 1349 1214 1412 invase-

191 1460 249 1521 ritt
278 1457 440 1522 decumam
460 1461 615 1541 legionem
634 1462 786 1541 Menam,
816 1462 986 1532 secundam
1010 1464 1213 1544 Batavoduri,

191 1584 223 1635 et
244 1573 381 1635 Grinnes
401 1574 596 1657 Vadamque'
610 1576 801 1646 cohortium,
814 1579 997 1659 alarumque
1024 1589 1140 1654 castra,
1170 1578 1215 1638 ita

191 1686 300 1752 divisis
317 1687 416 1770 copiis
431 1700 468 1752 ut
487 1688 555 1773 ipse
576 1702 608 1753 st
621 1691 741 1768 Veru,
757 1708 877 1754 sorore·
894 1693 960 1768 ejus
969 1690 1105 1770 genitus,
1126 1688 1215 1772 Clas·

190 1800 337 1885 sicutque
359 1823 396 1865 ac
419 1803 523 1867 Tutor
542 1824 631 1868 suam
653 1803 788 1888 quisque
807 1825 938 1868 ananum
958 1808 1134 1887 traherent3
1155 1827 1214 1869 nec

189 1917 299 1980 omnia
319 1916 467 2000 patrandi
485 1916 617 2000 fiducia,
641 1919 697 1985 sed
719 1921 818 1984 multa
839 1920 922 1984 ausis
944 1921 1051 2005 aliqua
1071 1921 1105 1981 in
1124 1932 1214 2001 parte

187 2033 353 2096 fortunam
382 2033 500 2097 affore:
541 2034 635 2098 simul
662 2035 819 2099 Cerialm
848 2055 951 2120 neque
979 2031 1057 2100 satis
1088 2049 1213 2099 caunum

191 2156 223 2208 et
243 2147 388 2229 pluribus
410 2149 528 2212 nuntiis
548 2147 706 2214 bucilluc
726 2161 902 2213 cursantem
925 2169 1018 2232 posse
1038 2148 1142 2220 medio
1162 2150 1213 2211 in-

103 2307 106 2317 .
190 2261 312 2343 tercipi.
359 2258 482 2339 Quibus
512 2263 713 2329 obvenerant
742 2277 844 2329 castra
873 2262 1119 2327 decumanorum
1154 2283 1212 2347 op·

190 2379 415 2459 pugnationem
434 2377 566 2459 legionis
593 2376 724 2441 arduam
750 2376 820 2440 rati¹
841 2398 999 2457 egressum
1025 2378 1155 2441 militem
1182 2392 1214 2441 ct

191 2489 517 2557 caedendismateriis
545 2492 710 2571 operabam
737 2490 906 2553 turbavere
928 2491 1028 2553 occiso
1053 2492 1211 2572 praelecto

190 2618 365 2671 castrorum
382 2617 415 2668 et
434 2606 575 2689 quinque
595 2603 790 2687 primoribus
807 2603 1026 2667 centurionum
1041 2603 1211 2686 paucisque

189 2723 358 2787 militibuaz
389 2722 485 2786 ceteri
512 2742 545 2783 se
567 2719 776 2784 'munimentis
806 2717 985 2783 defendere.
1025 2721 1064 2782 Et
1085 2720 1211 2781 interim

191 2835 422 2899 Germanorum
454 2856 565 2899 manus
593 2831 789 2898 Batauoduri
820 2835 998 2916 irrumpere
1028 2834 1210 2897 inchoatum

189 2963 321 3034 pontem
351 2950 542 3014 nitebantur.
584 2951 765 3029 ambiguum
794 2947 951 3029 proelium
981 2967 1048 3011 nox
1077 2945 1210 3008 diremit

265 3065 350 3128 vPlus
372 3062 559 3127 discriminis
579 3061 664 3143 apud
687 3061 823 3124 Grinnes
840 3056 1044 3145 'Vadamqua
1086 3058 1209 3122 Vadam
1221 3063 1290 3126 5‚2l

189 3177 316 3257 Civilis,
343 3173 479 3241 Grinnes
500 3177 655 3241 Classicus
676 3178 909 3259 oppugnabant.
953 3196 1012 3238 nec
1033 3175 1099 3238 sisti
1119 3188 1208 3255 pote-

188 3304 262 3353 rant
288 3292 454 3354 interiecto
483 3292 653 3357 fortissimo
683 3286 828 3377 quoque3
858 3291 892 3352 in
917 3290 990 3373 quis
1014 3288 1209 3369 Briganticus

190 3400 364 3484 praefectus
385 3408 452 3467 alae
474 3405 641 3483 ceciderat,
662 3423 757 3487 quem
776 3401 875 3466 fidum
893 3401 1043 3464 Romanis
1064 3412 1095 3464 et
1116 3401 1209 3466 civili

191 3521 347 3583 avunculo
368 3514 527 3582 infensum
554 3518 701 3584 diximus.
744 3517 808 3582 Sed
830 3518 888 3581 ubi
908 3518 1037 3581 Cerialis
1060 3516 1133 3580 cum
1154 3515 1208 3579 de·

188 3637 270 3696 lecta
291 3633 432 3715 equitum
452 3654 548 3696 manu
569 3633 732 3713 subvenit,
757 3628 849 3698 versa
876 3633 1004 3695 fortuna
1023 3631 1207 3713 praecipites

190 3747 340 3811 Germani
360 3747 396 3808 in
417 3765 540 3808 amnem
563 3757 708 3826 aguntur.
751 3744 860 3813 Ciuilis
881 3742 957 3805 dum
980 3743 1133 3823 fugientes
1156 3762 1206 3802 re·

188 3874 302 3925 tentat
317 3860 454 3941 agnitus,
484 3861 661 3944 petitusque
688 3859 758 3922 telis
785 3860 895 3922 relicto
923 3876 1005 3941 equo
1030 3854 1207 3920 tranatavit.

191 3979 272 4041 idam
294 3964 424 4040 Veracis
451 3978 612 4059 effugium.
656 3978 809 4041 Tutorem
833 3973 1065 4063 Classicumque
1095 3969 1207 4049 appul-
