2934 4625
298 263 362 331 tut
639 257 702 326 Ex
724 255 961 328 HISTORIIS

296 438 357 498 bus
386 431 453 496 deis
480 441 511 495 et
532 431 701 516 praecipuo
725 432 858 497 deorum
878 432 976 498 Marti
996 444 1097 514 grates
1120 428 1239 512 agimus
1259 448 1317 494 vo·

297 553 410 635 bisque
443 552 651 633 gratulamur,
687 547 774 634 quod
804 547 947 612 tandem
964 549 1057 611 liberi
1088 548 1172 612 inter
1199 547 1318 609 liberos

298 664 394 728 eritis.
435 662 570 726 named
595 664 680 725 hunc
702 660 786 725 diem
806 661 937 724 flumina
964 682 1000 724 ac
1019 673 1120 724 terras
1142 671 1174 724 et
1195 659 1319 722 coelum

298 773 532 861 quodammodo
562 775 666 859 ipsum
697 778 875 838 clauserant
904 773 1057 852 Romani,
1096 785 1133 836 ut
1162 771 1319 855 colloquia

298 911 545 975 congressusque
564 904 688 955 nostros
708 902 859 970 arcerent,
879 891 940 968 vel,
960 887 1046 974 quod
1062 887 1319 952 contumeliosius
1377 913 1381 918 ·

300 1018 347 1070 est
375 1004 452 1069 uiris
480 1003 522 1067 ad
551 1026 638 1066 arma
668 1005 767 1084 natis,
793 1005 930 1067 inermes
960 1026 994 1066 ac
1022 1024 1123 1087 prope
1151 1000 1230 1065 nudi
1259 1004 1318 1064 sub

299 1117 429 1185 custode
459 1130 490 1180 et
512 1119 620 1200 pretio
648 1118 813 1185 cuiremus.
854 1116 917 1182 Sed
945 1131 981 1181 ut
1009 1117 1144 1181 amicitia
1175 1115 1321 1179 societas·

301 1256 363 1319 que
391 1247 499 1297 nostra
528 1236 563 1308 in
594 1246 756 1297 aeternum
784 1247 852 1296 rata
884 1236 945 1298 sint
971 1237 1166 1318 postulamus
1189 1255 1208 1295 a
1230 1233 1320 1297 vobis

299 1367 408 1411 muros
431 1347 593 1428 coloniae,
620 1350 816 1413 munimenta
843 1350 979 1429 servitii,
1008 1349 1196 1413 detrahatis:
1226 1350 1321 1410 etiam

299 1462 369 1526 fera
389 1461 553 1540 animalia,
585 1462 613 1524 si
624 1455 746 1527 'clausa
773 1476 899 1541 teneas,
929 1465 1051 1528 virtutis
1083 1462 1322 1527 obliviscuntur.

298 1575 462 1638 Romanos
491 1594 599 1637 omnes
621 1575 655 1635 in
677 1574 794 1640 finibus
824 1577 936 1639 vestris
957 1574 1136 1638 trucidetis:
1166 1571 1250 1636 haud
1272 1575 1323 1634 fa-

301 1689 358 1750 cile
378 1689 507 1750 libertas
529 1699 561 1750 et
581 1684 701 1749 domini
720 1686 907 1768 miscentur3
928 1688 1014 1749 bona
1032 1687 1268 1750 interfectorum
1287 1686 1323 1747 in

299 1797 439 1863 medium
460 1799 589 1880 cedant,
620 1803 753 1885 nequis
781 1805 923 1866 occulere
946 1801 1119 1887 quidquam
1143 1813 1199 1864 aut
1219 1820 1324 1881 segre·

300 1933 372 1993 gare
394 1933 518 1976 causam
541 1934 628 1976 suam
647 1916 757 1996 possit.
799 1914 909 1982 Liceat
925 1916 1016 1980 nobis
1033 1917 1188 2001 vobisque
1204 1928 1323 1978 utram·

300 2045 362 2107 que
383 2025 485 2107 ripam
506 2028 622 2105 colare,
643 2038 680 2089 ut
704 2027 778 2089 olim
799 2029 971 2107 majoribus
992 2029 1118 2093 nostris.
1161 2025 1323 2111 mornado

299 2138 402 2200 lucem
429 2138 576 2222 diemque
607 2140 754 2230 omnibus
784 2142 984 2221 hominibus,
1013 2143 1059 2206 ita
1087 2158 1196 2207 omnes
1222 2153 1322 2206 terras

300 2252 436 2316 fortibus
463 2253 539 2318 viris
567 2266 682 2318 natura
704 2256 838 2339 aperuit.
881 2258 1035 2323 Instituta
1062 2261 1242 2343 cultumque
1266 2277 1325 2340 pa·

299 2368 396 2433 trium
423 2369 588 2451 resumite,
618 2372 758 2454 abruptis
784 2373 1018 2456 vuluptatibus,
1050 2377 1165 2459 quibus
1187 2375 1323 2439 Romani

300 2483 373 2563 plus
404 2480 553 2549 adversus
587 2486 742 2566 subjectos
771 2510 867 2572 quam
895 2490 990 2554 armis
1015 2493 1132 2557 valent.
1182 2491 1323 2554 sincerus
1364 2476 1370 2482 ’

302 2609 334 2660 et
360 2597 481 2678 integer
509 2613 540 2662 et
566 2601 721 2664 servitutis
752 2602 868 2666 oblitus
896 2603 1035 2687 populus
1055 2610 1120 2682 [aut
1149 2624 1190 2666 ex
1219 2624 1322 2688 aequo

301 2713 397 2793 agetis
417 2726 471 2776 aut
492 2713 560 2778 aliis
581 2715 818 2797 imperitabitis.’

216 2830 243 2895 4,
252 2832 288 2883 tt
384 2824 627 2908 Agrippinenses
655 2841 781 2909 sumpto
813 2828 1011 2892 consultandi
1042 2829 1160 2913 spatio,
1194 2826 1322 2914 quando

302 2962 406 3025 neque
440 2943 546 3005 subire
580 2941 779 3007 condiciones
813 2955 914 3006 metus
947 2945 1047 3009 suuni
1079 2968 1183 3031 neque
1217 2949 1322 3029 palam

302 3058 464 3137 aspernari
497 3055 638 3119 condicio
668 3042 819 3139 praesens
847 3059 987 3137 sinebat,
1016 3061 1052 3121 in
1078 3062 1164 3121 hunc
1192 3059 1324 3122 modum

301 3166 509 3247 respondent.⁴
556 3168 647 3248 ‘quae
680 3169 783 3249 prima
813 3169 964 3231 libertatis
995 3171 1125 3232 facultas
1159 3167 1230 3232 data
1266 3187 1322 3252 est,

301 3275 422 3342 avidius
451 3297 546 3359 quam
576 3278 696 3340 cautius
726 3279 933 3360 sumpsimus,
967 3293 1003 3343 ut
1030 3282 1121 3345 vobis
1150 3285 1323 3369 ceterisque

189 3473 192 3478 .
301 3393 483 3471 Germanis,
515 3396 752 3477 consanguineis
780 3396 914 3475 nostris,
943 3401 1156 3477 jungeremur.
1216 3420 1325 3463 muros

300 3505 430 3572 claritatis
467 3509 726 3590 congregantibus
761 3529 794 3571 se
830 3530 901 3571 cum
935 3511 1071 3573 maxime
1104 3512 1323 3575 Romanorum

300 3623 489 3687 exercitibus
518 3646 631 3705 augere
662 3625 755 3688 nobis
778 3646 873 3709 quum
898 3622 1024 3688 diruere
1046 3624 1142 3686 tutius
1164 3637 1221 3686 est.
1270 3622 1321 3686 si-

299 3737 354 3821 qui
386 3759 426 3799 ex
452 3739 542 3799 Italia
569 3751 623 3800 aut
649 3739 820 3819 provinciis
850 3739 1040 3819 alienigenae
1065 3739 1100 3800 in
1129 3740 1244 3802 finibus
1265 3761 1325 3801 no·

298 3851 369 3914 stris
390 3850 529 3927 fuerant,
551 3871 604 3914 eos
625 3852 744 3913 belluna
766 3852 938 3933 absumpsit
957 3853 1007 3917 tel
1029 3853 1063 3913 in
1087 3874 1158 3916 suas
1190 3854 1324 3938 quisque

299 3961 387 4028 sedes
410 3964 563 4044 refugere.
607 3961 747 4026 deductis
772 3963 897 4027 olimst
922 3967 1087 4028 nobiscum
1114 3988 1173 4050 per
1203 3988 1324 4030 connu-
1454 4032 1455 4039 χ

1454 4082 1455 4127 t
