2934 4625
302 272 347 340 ts
650 265 714 333 EX
734 262 971 335 HISTORIIS

304 464 414 510 rursus
443 438 609 505 discrimen
634 436 716 501 adiit
745 437 901 520 flagitante
928 434 1116 519 supplicium
1140 439 1332 517 ejus'exer·

307 565 379 625 citu.
420 557 495 621 inde
512 575 623 619 causas
640 555 761 618 irarum
780 573 915 637 spesque
935 574 975 616 ex
992 554 1082 617 malis
1099 556 1225 617 nostris.
1266 554 1332 619 Sed

308 676 417 741 Civilis
437 677 518 736 ultra
546 692 641 755 quam
666 671 810 734 barbaris
838 672 965 735 solitum
989 670 1116 752 ingenio
1144 674 1271 752 sollers,
1298 685 1333 738 et

307 788 483 852 Sertorium
505 806 538 848 se
560 797 615 847 aut
634 784 843 847 Hannibalem
871 784 993 859 ferens,
1021 784 1116 847 slmili
1143 786 1207 850 oris
1231 785 1333 851 deho-

308 916 521 980 nestamento,
544 923 584 963 ne
607 911 641 962 ut
661 901 745 963 hosti
765 899 890 963 obviam
910 900 1026 977 iretur,
1047 900 1073 961 si
1095 922 1114 962 a
1134 904 1253 984 populo
1275 923 1333 965 ro·

308 1038 404 1081 mano
426 1019 531 1098 palam
556 1014 749 1094 descivisset,
772 1015 961 1098 Vespasiani
989 1013 1155 1078 amicitiam
1176 1016 1333 1080 studium-

311 1153 373 1215 que
393 1131 530 1212 partium
551 1125 742 1210 praetendit,
772 1127 875 1191 missis
896 1147 970 1189 sane
992 1126 1032 1190 ad
1057 1150 1130 1192 eum
1148 1130 1246 1193 Primi
1266 1132 1335 1193 An-

310 1244 390 1307 tonii
414 1242 529 1317 literis,
559 1242 675 1324 quibua
704 1253 844 1305 avertere
872 1241 969 1304 accita
995 1243 1125 1306 Vitellio
1156 1243 1276 1306 auxilia
1302 1258 1334 1308 et

310 1357 465 1419 tumultus
491 1354 659 1435 germanici
686 1354 789 1434 specie
812 1365 969 1416 retentare
994 1356 1131 1435 legiones
1155 1358 1335 1442 jubebatur.

313 1468 422 1534 eadem
443 1466 645 1530 HordeonIus
667 1466 797 1529 Flaccus
824 1487 973 1549 praesens
996 1482 1161 1532 monuerat
1183 1472 1335 1535 inclinato

312 1585 348 1647 in
371 1584 600 1665 Vespasianum
622 1582 727 1643 animo
757 1593 788 1643 et
813 1582 1025 1663 reipublicae
1053 1605 1144 1663 cura,
1171 1585 1222 1647 cui
1248 1587 1337 1648 exci-

315 1699 403 1764 dium
429 1696 633 1771 adventabat,
662 1696 689 1757 si
709 1693 954 1774 redintegratum
976 1696 1094 1758 bellum
1116 1709 1146 1761 et
1165 1709 1212 1761 tot
1233 1719 1337 1761 arma·

313 1825 421 1876 torum
442 1810 539 1871 millia
559 1808 679 1870 ltaliam
700 1807 897 1888 irrupissent.

231 1954 305 2016 w
399 1925 498 2006 Igitur
527 1922 633 1985 Civilis
663 1918 854 1983 desciscendi
881 1932 999 2000 certus,
1029 1924 1183 1986 occultato
1210 1922 1338 1985 interim

318 2039 428 2101 altiore
454 2037 594 2114 consilio,
617 2049 720 2099 cetera
740 2059 779 2101 ex
801 2050 914 2102 eventu
934 2037 1126 2117 judicaturus
1147 2060 1265 2101 novare
1287 2059 1339 2101 res

316 2150 378 2212 hoc
396 2147 492 2212 modo
515 2150 627 2231 coepit.
669 2149 764 2211 iussu
783 2149 903 2213 Vitellii
923 2150 1113 2215 Batavorum
1131 2158 1278 2231 juventus
1299 2151 1339 2214 ad

319 2260 473 2325 delectum
499 2265 689 2341 vocabatur,
718 2282 813 2346 quem
836 2276 946 2346 suapte
976 2276 1089 2327 natura
1117 2285 1241 2345 gravem
1262 2284 1340 2327 onc-

318 2378 431 2439 rabant
459 2375 596 2438 ministri
628 2376 760 2439 avaritia
795 2399 830 2440 ac
864 2379 942 2439 luxu
974 2398 1064 2440 senes
1097 2393 1152 2441 aut
1185 2376 1342 2442 invalidos

319 2489 553 2575 conquirendo,
584 2511 663 2574 quos
690 2494 793 2574 pretio
820 2491 1020 2555 dimitterent.
1066 2514 1176 2555 rursus
1197 2493 1340 2573 impubes

320 2603 375 2669 sed
395 2607 497 2670 forma
525 2606 688 2685 conspicui
716 2601 762 2687 (et
790 2617 836 2667 est
862 2607 1019 2687 plerisque
1039 2627 1170 2687 procera
1192 2598 1340 2686 pueritia)

321 2716 360 2780 ad
382 2731 526 2800 stuprum
546 2719 763 2780 trahebantur.
805 2717 879 2778 hinc
899 2715 1036 2781 invidia:
1059 2731 1089 2780 et
1108 2718 1273 2800 compositi
1293 2737 1342 2778 se·

321 2837 447 2901 difionis
469 2849 611 2898 auctores
632 2834 801 2915 perpulere
824 2846 861 2895 ut
886 2831 1038 2895 delectum
1060 2835 1245 2895 abnuerent.
1291 2830 1344 2893 Ci-

321 2953 392 3014 vilis
412 2953 567 3032 primores
588 2948 687 3028 gentis
708 2960 739 3008 et
759 2945 1010 3028 promptissimos
1034 2947 1119 3025 vulgi
1139 2945 1241 3026 specie
1265 2964 1343 3025 epu-

320 3065 424 3126 larum
453 3083 576 3125 sacrum
606 3063 638 3121 in
666 3081 777 3121 nemus
804 3073 931 3123 vocatos
960 3060 1017 3120 ubi
1046 3072 1137 3120 nocte
1166 3081 1200 3120 ac
1228 3060 1344 3121 laetitia

321 3176 486 3236 incaluisse
506 3171 608 3247 videt,
639 3170 772 3233 alaude
797 3173 959 3253 gloriaque
982 3173 1081 3250 gentis
1103 3193 1193 3235 orsus
1213 3172 1344 3251 injurias

324 3299 354 3349 et
372 3300 480 3368 raptus
501 3300 532 3348 et
553 3299 655 3349 cetera
673 3284 792 3348 servitii
812 3285 894 3346 mala
915 3299 1086 3357 enumerat.
1128 3289 1240 3370 ‘neque
1261 3288 1345 3348 enisu

324 3402 516 3479 societatem,
552 3412 588 3461 ut
621 3400 713 3478 olim,
752 3398 808 3462 sed
843 3413 992 3484 tanquam
1029 3401 1186 3483 mancipia
1226 3402 1347 3465 haberi.

325 3513 452 3597 quando
473 3519 610 3596 legatum
629 3516 716 3595 gravi
741 3515 868 3600 quidem
890 3517 1036 3579 comitatu
1060 3531 1091 3580 et
1113 3520 1250 3599 superbo
1275 3540 1346 3579 cum

323 3629 456 3710 imperio
487 3626 620 3694 venire?
669 3627 753 3715 tradi
781 3651 814 3692 se
845 3631 1009 3716 praelectis
1039 3630 1346 3714 centurionibusque,

327 3761 408 3824 quos
431 3744 486 3805 ubi
512 3743 619 3826 spoliis
644 3753 675 3804 et
696 3742 847 3823 sanguine
868 3744 1078 3824 expleverint,
1102 3746 1217 3808 mutari
1238 3745 1348 3827 exqui-

327 3859 419 3940 rique
443 3877 545 3921 novos
567 3857 654 3920 sinus
676 3871 707 3921 et
726 3857 814 3923 varia
834 3856 1008 3939 praedandi
1026 3861 1181 3924 vocabula
1232 3859 1347 3920 instare
1450 3852 1451 3897 ἕ

326 3970 496 4054 delectum,
524 3992 589 4056 quo
616 3971 709 4035 liberi
738 3993 758 4034 a
785 3973 983 4055 parentibus,
1010 3974 1122 4036 fratres
1151 3995 1170 4034 a
1198 3971 1348 4033 fratribus
1413 4054 1420 4059 .
