2934 4625
312 257 355 322 34
652 252 715 318 EX
738 247 991 319 ANNALIBUS

227 445 298 506 nst
397 428 529 490 Barbari
559 427 752 508 perfringere
781 428 928 494 stationes
955 448 1051 510 seque
1079 428 1197 492 inferre
1230 431 1334 493 muni·

310 542 431 605 toribus
455 540 517 601 nisi
538 542 701 617 lacessunt,
723 538 1035 620 circumgrediuntur,
1057 555 1230 605 occursant.
1272 545 1333 605 mi-

311 669 413 718 scetur
436 658 634 739 operantium
656 655 903 738 bellantiumque
926 658 1053 718 clamor.
1096 667 1128 718 et
1146 669 1257 719 cuncta
1276 681 1334 739 pa·

308 772 385 832 riter
405 770 556 832 Romanis
578 767 718 846 adversa,
740 770 828 831 locus
851 769 967 847 uligine
989 765 1160 850 profunda,
1187 767 1270 832 idem
1290 771 1331 834 ad

308 885 439 967 gradum
459 886 629 964 instabilis,
656 882 899 966 procedentibus
920 884 1078 963 lubricus,
1107 905 1240 966 corpora
1261 908 1332 966 gra·

309 1001 359 1065 via
388 1000 509 1078 loricis,
546 1020 649 1082 neque
680 1000 796 1061 librare
828 1000 893 1080 pila
923 1000 1007 1060 inter
1042 997 1142 1060 undas
1176 1012 1333 1081 poterant.

309 1113 426 1176 Contra
448 1113 613 1175 Cheruscis
639 1126 727 1174 sueta
757 1111 841 1193 apud
867 1111 998 1192 paludes
1026 1112 1164 1193 proelia,
1197 1133 1330 1195 procera

308 1231 465 1305 membra,
496 1229 603 1289 hastae
628 1226 769 1306 ingentes
796 1225 835 1288 ad
865 1227 998 1290 vulnera
1023 1226 1166 1290 facienda
1187 1229 1331 1311 quamvis

309 1344 428 1424 procul.
476 1341 552 1404 Nox
574 1338 701 1402 demum
721 1333 908 1402 inclinantes
929 1345 992 1418 jam
1017 1339 1155 1420 legiones
1182 1339 1330 1406 adversae
1455 1327 1458 1482 p

307 1478 431 1539 pugnae
454 1456 580 1520 exemit.
621 1451 772 1516 Germani
793 1454 833 1515 ob
853 1473 1007 1534 prospera
1028 1452 1239 1517 indefessius
1261 1467 1330 1518 tum

308 1570 435 1654 quidem
464 1579 588 1648 surrupta
614 1567 719 1648 quiete
750 1579 903 1648 quantum
934 1588 1090 1650 aquarum
1119 1572 1236 1634 circum
1259 1594 1330 1634 sur·

307 1689 450 1769 gentibus
485 1684 565 1764 jugia
604 1683 707 1745 oritur
742 1693 864 1745 vertere
899 1682 934 1743 in
967 1686 1124 1763 subjecta,
1164 1708 1329 1771 mersaque

308 1803 423 1877 humo,
451 1810 482 1861 et
505 1798 619 1859 obruto
645 1793 731 1876 quod
755 1794 900 1857 ellectum
923 1797 1045 1876 operis,
1075 1798 1250 1880 duplicatus
1271 1803 1330 1864 mi·

307 1915 355 1976 liti
375 1915 476 1978 labor.
528 1904 809 1986 Quadragesimum
839 1905 873 1968 id
902 1907 1092 1989 stipendium
1116 1911 1250 1976 Caecina
1270 1936 1330 1995 pa·

308 2025 400 2089 rendi
431 2038 486 2087 aut
514 2020 714 2101 imperitandi
745 2023 899 2102 habebat,
933 2022 1140 2087 secundarum
1170 2030 1330 2108 ambigua·

309 2157 443 2219 rumque
472 2155 578 2197 rerum
608 2134 709 2195 sciens
741 2154 843 2215 eoque
872 2134 1046 2198 interritus.
1098 2137 1192 2216 igitur
1221 2140 1330 2203 futura

309 2252 440 2315 volvens
475 2268 539 2311 non
572 2246 658 2310 aliud
691 2252 846 2331 repperit,
885 2269 984 2332 qnam·
1017 2263 1052 2311 ut
1085 2250 1207 2316 hostem
1242 2255 1329 2318 silvis

309 2377 482 2442 coerceret,
510 2361 611 2425 donec
632 2362 747 2438 saucii,
776 2374 992 2444 quantumque
1015 2349 1168 2443 gravioris
1189 2369 1330 2447 agminis,

309 2480 472 2543 anteirent.
525 2498 598 2539 nam
621 2477 724 2541 medio
747 2480 903 2540 montium
925 2490 955 2540 et
975 2478 1127 2559 paludum
1148 2484 1329 2562 porrigebas

308 2608 361 2657 tur
381 2595 543 2677 planities,
566 2614 646 2676 quae
667 2607 794 2655 tenuem
818 2594 915 2654 acient
937 2604 1108 2673 peteretur.
1151 2594 1330 2676 deliguntur

307 2710 462 2790 legiones,
487 2710 597 2793 quinta
618 2707 732 2769 dextro
753 2706 862 2783 lateri,
892 2706 1114 2768 unetvicesima
1134 2710 1169 2768 in
1193 2710 1328 2790 laevum,

307 2824 442 2907 primani
464 2821 644 2887 ducendum
665 2821 705 2884 ad
726 2842 846 2904 agmen,
870 2819 1079 2886 vicesimanus
1097 2820 1264 2886 adversum
1277 2846 1328 2886 se·

308 2953 446 3005 cuturos.

226 3062 294 3125 Lot
392 3051 468 3116 Nox
488 3071 547 3132 per
568 3048 691 3114 diversa
712 3048 847 3131 inquies,
872 3068 972 3131 quum
993 3049 1121 3111 barbari
1142 3051 1228 3112 festis
1250 3072 1330 3132 epu.

306 3165 354 3241 lis,
374 3165 457 3227 laeto
479 3176 571 3227 cantu
595 3175 649 3223 aut
670 3163 752 3222 truci
773 3182 888 3225 sonore
910 3161 1049 3235 subjecta
1068 3161 1199 3222 vallium
1220 3183 1255 3222 ac
1276 3183 1330 3226 re·

307 3279 450 3343 sultantis
471 3278 566 3340 saltus
589 3277 790 3357 complerent,
812 3272 896 3355 apud
912 3273 1071 3336 Romanos
1088 3273 1217 3338 invalidi
1232 3276 1330 3356 ignes,

305 3394 501 3472 interruptae
530 3410 639 3467 voces,
672 3403 767 3473 atque
794 3389 856 3471 ipsi
885 3388 1002 3471 passim
1031 3387 1206 3466 adjacerent
1234 3393 1327 3469 vallo,

306 3508 490 3568 oberrarent
518 3503 681 3581 tentoriis,
714 3507 874 3565 insomnes
902 3502 998 3581 magis
1028 3524 1122 3585 quam
1153 3506 1328 3586 pervigiles.

306 3618 480 3703 ducemque
511 3618 622 3679 terruit
650 3614 720 3678 dira
750 3616 849 3698 quies.
898 3635 970 3677 nam
996 3612 1184 3690 Quintilium
1204 3620 1328 3681 Varum

305 3737 456 3816 sanguine
478 3737 611 3798 oblitum
632 3747 663 3795 et
683 3732 851 3815 paludibus
879 3752 1035 3795 emersum
1063 3754 1191 3795 cernere
1217 3748 1249 3797 et
1269 3758 1327 3798 au·

308 3850 374 3914 dire
395 3854 480 3916 visus
503 3864 548 3914 est
569 3851 655 3913 velut
676 3863 850 3926 vocantem,
879 3869 946 3911 non
968 3859 1073 3908 tamen
1097 3850 1274 3925 obsecutus,
1295 3862 1327 3911 et

306 3987 434 4033 manum
457 3965 647 4032 intendentis
674 3964 859 4047 reppulisse.
911 3960 1028 4042 Coepta
1055 3962 1125 4022 luce
1153 3961 1263 4024 missae
1291 3962 1326 4022 in
