2934 4625
289 294 330 360 10
676 289 911 358 annulum

286 468 441 533 velamina
460 479 611 549 spargunt
633 467 764 529 maculis
785 466 983 550 pellibusque
1005 470 1199 547 belluarum,
1228 490 1305 551 quae

286 581 425 643 exterior
446 600 580 643 oceanus
604 593 699 663 atque
719 582 861 660 ignotum
886 602 971 644 mare
991 583 1097 661 gignit.
1137 582 1204 644 Nec
1226 581 1306 644 alius

284 696 409 758 feminis
431 715 527 777 quam
555 695 631 760 viris
656 696 800 775 babitus,
833 695 894 757 nisi
916 695 1002 779 quod
1023 698 1159 759 feminae
1181 697 1304 777 saepius

284 811 375 871 lineis
403 810 566 873 amictibus
593 810 741 873 velantur
769 830 887 892 eosque
916 832 1059 893 purpura
1084 811 1207 876 variant
1225 804 1305 890 par·

283 937 409 1006 temque
437 925 567 988 vestitus
596 924 768 1005 superioris
797 926 832 985 in
860 926 997 987 manicas
1025 946 1091 988 non
1121 922 1305 997 extendunt,

284 1037 387 1100 nudae
409 1038 537 1101 brachia
558 1059 594 1099 ac
615 1039 758 1117 lacertos,
778 1036 833 1100 sed
855 1051 887 1101 ct
907 1041 1053 1120 proxima
1073 1057 1148 1120 pars
1168 1037 1304 1120 pectoris

282 1167 393 1236 patet.

235 1276 271 1325 1s
368 1266 556 1351 Quanquam
581 1287 690 1330 severa
710 1267 774 1328 illic
796 1265 1010 1344 matrimonia,
1038 1287 1095 1329 nec
1117 1268 1214 1328 ullam
1234 1288 1303 1329 mo-

281 1405 352 1445 rum
375 1397 496 1464 partem
518 1384 613 1463 magis
638 1382 827 1445 laudaveris.
873 1403 947 1443 nam
976 1402 1076 1464 prope
1103 1381 1163 1444 soli
1188 1383 1303 1443 barba-

281 1520 392 1562 rorum
419 1500 546 1579 singulis
574 1499 730 1561 uxoribus
754 1499 891 1561 contenti
915 1509 1005 1572 sunt,
1035 1497 1173 1577 exceptis
1195 1493 1304 1558 admo·

282 1613 357 1676 dum
379 1615 503 1695 paucis,
526 1613 668 1695 quinon
692 1610 824 1673 libidine
846 1609 900 1672 sed
924 1613 965 1673 ob
987 1612 1183 1673 nobilitatem
1203 1611 1304 1690 pluri·

280 1732 339 1793 mis
369 1729 488 1809 nuptiis
515 1728 708 1788 ambiuntur.
756 1727 872 1788 Dotem
904 1746 969 1788 non
999 1746 1082 1789 uxor
1107 1726 1220 1787 marito
1248 1723 1304 1787 sed

281 1844 378 1905 uxori
406 1842 536 1903 maritus
564 1840 668 1902 offert.
714 1840 870 1902 intersunt
898 1853 1044 1921 parentes
1073 1854 1104 1902 ct
1129 1840 1304 1922 propinqui

282 1980 317 2019 ac
339 1978 471 2019 munera
491 1957 644 2037 probant,
674 1976 807 2018 munera
832 1975 899 2016 non
927 1952 967 2015 ad
988 1954 1112 2017 delicias
1133 1956 1303 2017 muliebres

283 2072 432 2153 quaesita,
459 2091 515 2131 nec
537 2070 652 2151 quibus
675 2090 759 2131 nova
782 2082 881 2149 nupta
903 2082 1053 2145 comatur,
1076 2069 1130 2131 sed
1151 2072 1249 2134 boves
1272 2083 1302 2132 et

281 2188 440 2247 stornatum
468 2206 585 2267 equum
613 2198 643 2247 et
670 2197 793 2247 scutum
815 2205 886 2246 cum
907 2185 1028 2245 framea
1048 2183 1226 2267 gladioque.
1266 2185 1302 2246 in

280 2301 358 2360 haec
379 2320 512 2361 munera
531 2319 616 2360 uxor
637 2299 804 2380 accipitur,
837 2308 931 2381 atque
951 2297 1084 2360 invicem
1107 2299 1176 2378 ipsa
1198 2319 1302 2360 armo·

230 2468 239 2481 ,
279 2435 352 2475 rum
372 2411 491 2497 aliquid
509 2412 578 2475 viro
601 2414 703 2475 affert.
742 2413 813 2475 Hoc
834 2412 1007 2473 maximum
1028 2412 1203 2489 vinculum,
1224 2413 1301 2473 haec

280 2550 394 2590 arcana
415 2549 518 2606 sacra,
546 2529 605 2589 hos
636 2529 814 2604 conjugales
844 2524 920 2589 deos
950 2526 1152 2588 arbitrantur.
1195 2524 1245 2586 Ne
1267 2544 1300 2586 se

278 2645 393 2704 mulier
423 2656 513 2703 extra
541 2643 695 2704 virtutum
726 2640 928 2718 cogitationes
960 2653 1112 2720 extraque
1145 2640 1300 2701 bellonam

278 2882 373 2932 netur
394 2870 502 2934 venire
523 2890 557 2930 se
582 2870 728 2930 laborum
753 2869 1028 2952 periculorumque
1055 2871 1188 2946 sociam,
1215 2866 1299 2928 idem

277 2988 310 3047 in
337 3007 432 3066 pace,
458 2983 542 3045 idem
571 2985 605 3044 in
631 2985 755 3064 proelio
777 3003 940 3064 passuram
966 3004 1187 3065 ausuramque.
1229 2983 1299 3044 Hoc

276 3099 376 3173 juncti
397 3099 502 3173 boves,
528 3098 589 3158 hoc
611 3111 739 3176 paratus
761 3116 871 3179 equus,
892 3100 953 3160 lroc
975 3097 1046 3158 data
1068 3119 1155 3158 arma
1176 3095 1299 3157 denun-

278 3211 375 3287 ciant3
408 3210 451 3269 sic
473 3208 665 3288 vivendum,‘
685 3210 729 3273 sic
749 3207 963 3289 pereundumt
985 3208 1124 3290 accipere
1146 3230 1195 3286 se,
1217 3230 1298 3292 quae

276 3323 384 3384 liberis
405 3322 555 3383 inviolata
580 3344 615 3383 ac
644 3320 737 3402 digna
763 3319 889 3400 reddat,
922 3343 1003 3404 quae
1026 3344 1124 3386 nimus
1146 3325 1298 3404 accipiant

277 3461 404 3516 rursus,
428 3460 509 3520 quae
532 3437 573 3499 ad
594 3450 724 3518 nepotes
744 3438 934 3499 referantur.

229 3560 264 3609 19
361 3553 444 3631 Ergo
477 3564 563 3632 septa
596 3547 747 3631 pudicitia
775 3562 887 3631 agunt,
925 3552 1019 3613 nullis
1049 3553 1298 3631 spectaculorum

274 3665 448 3741 illecebris,
481 3665 576 3728 nullis
607 3668 825 3729 conviviorum
859 3667 1088 3729 irritationibus
1119 3680 1295 3748 corruptae.

275 3777 454 3842 Literarum
498 3792 616 3843 secreta
649 3782 711 3844 viri
746 3783 865 3862 pariter
901 3804 936 3844 ac
973 3783 1108 3844 feminae
1142 3784 1298 3859 ignorant.

276 3894 464 3956 Paucissima
491 3895 527 3957 in
555 3909 619 3958 tam
648 3918 817 3961 numerosa
845 3912 936 3978 gente
963 3898 1131 3973 adulteria,
1160 3916 1296 3976 quorum

275 4030 378 4090 poena
404 4031 551 4092 praesens
583 4021 614 4071 et
642 4011 762 4074 maritis
790 4013 951 4093 permissa.
1002 4008 1128 4072 abscisis
1157 4007 1295 4070 crinibus
