2934 4625
480 256 544 324 EX
566 256 801 330 HISTORIIS
1104 268 1149 335 to

131 440 198 491 tum
221 427 333 493 virium
355 451 373 491 a
392 442 489 511 tergo,
516 431 666 515 quoniam
688 431 807 497 Galliae
829 444 981 512 tumeant,
1005 433 1149 500 deserere

132 544 236 608 Rheni
254 546 357 629 ripam
378 549 547 630 irrupturis
568 561 632 611 tam
652 547 774 613 infestis
791 551 971 613 nationibus
990 570 1058 615 non
1075 570 1151 613 con·

132 654 235 721 ducat.

215 772 284 834 Jam
313 772 503 851 Germanos,
536 772 622 857 quod
648 796 746 856 genus
770 774 905 837 militnm
934 772 1019 858 apud
1048 776 1153 839 hostes

134 887 360 959 atrocissimum
382 887 431 963 sit,
452 899 553 952 tracto
573 887 608 950 in
630 900 779 951 aestatem
800 891 905 968 bello,
925 889 1020 951 fluxis
1041 910 1153 971 corpo-

132 1003 240 1078 ribus,
261 1006 466 1064 mutationem
490 1005 549 1066 soli
569 1006 709 1088 coelique
733 1005 819 1068 haud
841 1008 1040 1069 toleraturos.

220 1116 262 1199 (a.
283 1110 339 1197 69)
366 1118 483 1180 remitti
503 1139 556 1184 eos
569 1116 600 1203 *)
629 1122 665 1182 in
694 1121 910 1197 Britanniam,
942 1120 1026 1181 unde
1049 1141 1067 1180 a
1088 1118 1154 1181 Ne·
1168 1134 1239 1196 zoe

134 1248 214 1290 rone
241 1229 334 1292 exciti
354 1244 459 1309 erant,
488 1233 607 1313 placuit
627 1245 721 1316 atquc
741 1233 868 1297 iuterim
888 1235 1081 1296 Batavorum
1102 1253 1156 1296 co·

136 1344 242 1405 hortes
263 1365 328 1406 una
347 1343 485 1422 tendere,
505 1346 546 1407 ob
569 1358 706 1409 veterem
726 1343 877 1410 adversus
898 1344 1157 1428 quartadecuma-

137 1467 196 1520 nos
225 1455 423 1523 discordiam.
475 1457 543 1520 Nec
574 1458 628 1521 diu
661 1461 696 1522 in
727 1461 822 1524 tantis
854 1475 1046 1523 armatorum
1077 1460 1158 1522 odiis

138 1570 227 1650 quies
253 1571 325 1634 fuit.
374 1572 532 1650 Augustae
555 1574 770 1636 Taurinorum
796 1572 872 1635 dum
894 1574 1037 1654 opificem
1058 1595 1159 1655 quen·

138 1681 368 1747 dam'Batavus
395 1696 431 1747 ut
455 1682 670 1747 fraudatorem
697 1687 883 1761 insectatur,
913 1686 1103 1765 legionarius
1124 1697 1161 1746 ut

138 1796 294 1878 hospitem
321 1809 445 1875 tuetur,
479 1799 530 1860 sui
558 1798 671 1882 cuique
702 1798 929 1860 commilitones
954 1798 1113 1876 aggregati
1141 1816 1161 1856 a

140 1909 287 1973 conviciis
310 1909 349 1971 ad
372 1907 498 1971 caedem
518 1911 681 1974 transiere.
724 1924 756 1975 et
776 1912 934 1993 proelium
954 1923 1046 1973 atrox
1068 1909 1162 1971 arsis·

141 2035 204 2100 set,
232 2026 268 2085 ni
289 2023 370 2086 duae
394 2028 572 2106 praetoriae
591 2026 737 2090 cohortes
759 2048 883 2090 causam
905 2025 1163 2109 quartadecuma-

142 2158 258 2203 norum
279 2151 401 2201 secutae
427 2139 476 2201 his
497 2137 642 2201 fiduciam
668 2152 700 2202 et
720 2153 840 2214 metum
860 2138 988 2202 Batavis
1009 2138 1163 2200 fecissent.

227 2249 271 2328 (a.
292 2251 348 2327 69)
382 2254 526 2315 cohortes
555 2253 750 2315 Batavorum
779 2274 819 2314 ne
849 2251 926 2335 quid
955 2251 1161 2315 truculentius
1177 2263 1249 2327 ΜΘ

143 2365 295 2429 auderent
325 2366 360 2426 ln
391 2365 591 2428 Germaniam
621 2368 785 2446 remissae,
816 2369 1007 2447 principium
1036 2367 1162 2428 interno

145 2478 239 2539 simul
262 2488 456 2558 externoque
480 2477 562 2537 bello
584 2476 769 2558 parantibus
791 2478 872 2537 latis.

231 2589 274 2672 (a.
295 2588 351 2668 69)
373 2599 404 2649 et
424 2586 582 2666 adjacente
603 2586 714 2648 Tiberi
734 2586 965 2649 Germanorum
985 2585 1164 2649 Gallorum·
1179 2592 1251 2656 298

145 2724 207 2787 que
229 2705 369 2766 obnoxia
396 2704 515 2766 morbis
542 2723 677 2786 corpora
697 2701 835 2764 flmninis
858 2701 988 2766 aviditas
1010 2713 1041 2763 et
1062 2712 1166 2762 aestus

144 2818 338 2899 impatientia
360 2816 515 2880 labefecit.

229 2933 357 2994 Auxilia
376 2946 481 2996 tamen
504 2953 521 2994 e
550 2931 718 2993 Germania
744 2930 971 3010 Britanniaque
998 2939 1030 2989 et
1051 2926 1166 3006 Hispa·
1181 2930 1253 2994 297

145 3043 207 3109 niis
232 3048 347 3110 excivit
370 3049 504 3128 segniter
525 3062 556 3110 et
575 3047 790 3110 necessitatem
812 3044 1019 3107 dissimulans.
1029 3037 1077 3125 **)

232 3161 275 3240 (a.
298 3156 354 3245 69)
387 3164 463 3239 Plus
502 3161 665 3225 socordiae
704 3183 799 3244 quam
834 3157 965 3220 fiduciae
1005 3153 1167 3216 accessisse
1183 3160 1237 3223 3st

147 3273 406 3357 victoribus.***)
447 3298 554 3359 neque
583 3278 664 3339 enim
687 3278 722 3338 in
746 3276 910 3357 procinctu
932 3283 962 3333 et
983 3269 1090 3330 castris
1111 3267 1169 3326 ha-

147 3386 249 3448 bitos:
280 3409 339 3467 per
360 3388 465 3451 omnia
486 3390 593 3452 ltaliae
616 3389 787 3467 municipia
810 3383 947 3459 desides,
966 3394 1089 3444 tantum
1110 3381 1170 3441 ho-

149 3500 283 3581 spitibus
310 3502 511 3581 metuendos,
547 3518 665 3586 quanto
698 3503 835 3564 ferocius
869 3511 940 3561 ante
974 3519 1007 3560 se
1042 3494 1170 3574 egerint,

149 3623 239 3674 tanto
261 3610 404 3692 cupidius
424 3614 563 3677 insolitas
585 3616 761 3695 voluptates
782 3613 933 3675 hausisse.
985 3610 1068 3671 circo
1090 3626 1171 3689 quo-

151 3744 214 3808 que
236 3746 272 3786 ac
300 3727 428 3788 theatris
456 3740 486 3789 et
515 3729 701 3797 amoenitate
725 3730 812 3791 urbis
835 3725 988 3790 emollitos
1011 3735 1066 3786 aut
1086 3723 1171 3785 vale·

206 3963 503 4030 &quemadccumanos
584 3964 623 4032 ⁴⁸)
644 3966 771 4019 Vitellius.
851 3963 900 4030 ⁸⁴⁸)
920 3959 1044 4015 militibus
1063 3956 1170 4011 vitetttt.
