2934 4625
318 285 362 349 68
665 278 727 344 EX
750 276 986 346 HISTORIIS

317 456 435 531 integre
464 462 652 514 mutaverat.
702 469 760 510 nee
786 449 961 512 consularis
981 450 1074 529 legati
1097 470 1262 530 mensura,
1292 454 1348 518 sed

318 566 352 626 in
374 569 474 643 majus
500 562 607 626 omnia
626 562 868 644 accipiebantur.
910 575 947 624 ut
967 562 1115 627 Vitellius
1142 564 1228 646 apud
1255 587 1345 634 seve.

316 701 370 744 ros
391 678 540 756 humilis,
563 678 608 740 ita
629 678 805 741 comitatem
831 677 1067 761 bonitatemque
1088 680 1229 746 faventes
1250 705 1343 750 voca.

315 796 408 873 baut,
431 791 518 877 quod
540 792 606 854 sine
627 789 742 869 modo,
771 792 838 854 sine
858 787 975 869 judicio
998 790 1131 855 donaret
1155 797 1342 879 sua„largi.

314 921 403 969 retur
423 907 541 969 aliena:
574 907 668 970 simul
696 904 843 971 aviditate
873 905 1049 988 imperandi
1078 907 1148 990 ipsa
1175 910 1250 974 vitia
1279 934 1339 994 pro
1447 953 1448 986 2

313 1022 481 1085 virtutibus
507 1022 806 1103 interpretabantur.
853 1022 949 1086 Multi
975 1024 1010 1085 in
1036 1035 1172 1109 utroque
1198 1030 1337 1091 exercitu

314 1138 394 1202 sieut
414 1137 546 1200 modesti
568 1138 729 1221 quietique
751 1140 794 1199 ita
813 1139 888 1200 mali
909 1150 940 1201 et
961 1141 1100 1205 strenuis
1130 1142 1185 1206 sed
1205 1146 1336 1225 profusa

314 1251 459 1334 cupidine
491 1265 522 1313 et
549 1251 663 1330 insigni
694 1250 867 1314 temeritate
896 1251 988 1331 legati
1017 1253 1177 1334 legionum
1205 1258 1336 1319 Alienus

314 1364 448 1428 Caecina
477 1376 508 1426 et
535 1364 652 1427 Fabius
680 1363 818 1439 Valens,
854 1382 871 1423 a
904 1364 1019 1449 quibus
1048 1366 1166 1429 Valens
1192 1366 1334 1432 infensus

313 1481 450 1559 Galbae,
481 1492 632 1562 tanquam
656 1475 807 1540 detectam
832 1497 852 1538 a
877 1497 910 1540 se
931 1478 1075 1560 Verginii
1095 1483 1333 1563 cunctationem,

312 1615 462 1678 oppressa
496 1591 657 1675 Capitonis
692 1588 822 1652 consilia
853 1590 974 1669 ingrate
1008 1594 1144 1674 tulisset,
1175 1595 1333 1675 {instigare

309 1709 474 1772 Vitellium
509 1706 654 1772 ardorem
690 1705 825 1768 militum
861 1717 1032 1769 ostentans.
1081 1709 1186 1790 ipsum
1216 1711 1332 1775 celebri

309 1822 428 1903 ubique
452 1822 553 1898 fama,
585 1821 703 1882 nullam
725 1818 760 1879 in
782 1818 894 1881 Flacco
915 1818 1100 1885 Hordeonio
1117 1843 1256 1902 moram,
1283 1826 1330 1888 af.

307 1937 376 1997 fora
404 1935 615 2013 Britanniam,
648 1946 793 1997 secutura
823 1932 1055 1999 Germanorum
1083 1937 1217 2016 auxilia,
1248 1940 1329 2001 male

306 2047 384 2110 fidas
399 2048 585 2130 provincias,
607 2051 786 2130 precarium
800 2049 868 2110 seni
884 2048 1052 2131 imperium
1070 2064 1100 2111 et
1114 2052 1204 2114 brevi
1223 2063 1329 2111 trans-

305 2165 434 2222 iturum.
487 2159 640 2242 panderet
668 2160 764 2227 modo
794 2162 912 2239 sinum,
950 2174 981 2226 et
1009 2161 1148 2225 venienti
1177 2138 1326 2224 fortunae

306 2288 491 2340 occurreret.
532 2275 642 2340 merito
672 2274 829 2340 dubitasse
857 2277 1044 2359 Verginium
1074 2280 1212 2363 equestri
1231 2281 1326 2344 lanti-

299 2389 355 2467 lia,
376 2391 482 2469 ignoto
503 2404 611 2474 patre,
637 2393 806 2474 imparem,
834 2395 860 2456 si
878 2397 1046 2476 recepisset
1068 2395 1252 2478 Imperium,
1271 2409 1324 2458 tu·

302 2517 385 2582 tum,
406 2507 433 2567 si
455 2520 636 2570 recusasset.
678 2507 808 2570 Vitellio
830 2519 893 2570 tres
914 2509 1011 2590 patris
1033 2513 1227 2589 consulatus,
1248 2533 1322 2572 een·

301 2642 424 2698 suram,
454 2623 617 2702 collegium
643 2624 774 2686 caesaris
798 2636 829 2684 et
854 2623 1015 2702 imponere
1034 2629 1097 2700 jam
1119 2624 1241 2705 pridem
1261 2624 1320 2685 im·

299 2739 452 2818 peratoris
474 2735 684 2818 dignationem
705 2751 736 2802 et
760 2740 883 2801 auferre
905 2738 1021 2819 privati
1041 2741 1249 2802 securitatem.

216 2878 285 2939 μω
384 2847 591 2926 Quatiebatur
622 2853 671 2913 bis
702 2873 796 2932 segne
827 2852 988 2932 ingenium
1019 2865 1055 2914 ut
1086 2855 1320 2935 concupisceret

297 2968 395 3045 magis
425 2989 518 3049 quam
547 2981 583 3030 ut
613 2981 763 3049 speraret.
815 2969 857 3029 At
887 2967 922 3028 in
954 2969 1117 3048 superiore
1148 2969 1319 3032 Germania

298 3077 432 3140 Caecina
453 3078 566 3141 decora
585 3085 730 3157 juventa,
754 3100 887 3160 corpore
909 3082 1028 3158 ingens,
1051 3082 1147 3140 animi
1170 3080 1319 3142 immodi-

296 3212 360 3271 cus,
382 3193 459 3254 scito
481 3213 634 3269 sermone,
659 3205 762 3256 erecto
783 3194 907 3254 incessu
929 3190 1032 3254 studia
1050 3190 1183 3252 militum
1203 3193 1316 3257 illexe-

293 3321 353 3369 rat.
395 3310 489 3371 Hunc
511 3312 656 3385 juvenem
686 3308 788 3371 Galba
816 3321 1014 3392 quaestorem
1040 3310 1075 3372 in
1102 3310 1229 3371 Baetica
1253 3310 1314 3375 im-

291 3425 379 3505 pigre
406 3424 441 3484 in
473 3435 575 3503 partes
605 3442 677 3485 suas
708 3437 936 3506 transgressum
967 3423 1083 3504 legioni
1112 3425 1313 3505 praeposuit3

290 3558 367 3600 mox
393 3550 586 3619 compertum
614 3539 772 3620 publicam
797 3543 963 3623 pecuniam
985 3542 1133 3605 avertisse
1154 3553 1190 3602 ut
1216 3561 1312 3622 pecu·

289 3651 421 3714 latorem
448 3651 581 3733 flagitari
608 3653 705 3728 jussit.
758 3652 891 3715 Caecina
921 3675 1011 3735 aegre
1041 3673 1151 3736 passus
1181 3655 1309 3714 miscere

288 3778 398 3828 cuncta
433 3781 464 3830 et
495 3766 617 3846 privata
647 3771 779 3830 vulnera
811 3770 859 3831 rei
888 3769 1032 3852 publicae
1061 3769 1151 3830 malis
1174 3763 1308 3848 ‘operire

286 3882 402 3942 statuit.
444 3879 510 3943 Nec
529 3879 657 3942 deerant
674 3880 709 3941 in
727 3883 865 3945 exercitu
882 3884 1000 3944 semina
1017 3881 1200 3960 discordiae,
1221 3880 1307 3964 quod

286 4006 316 4056 et
335 3996 417 4058 bello
440 3992 589 4061 adversus
610 3994 775 4060 Vindicem
799 3999 964 4064 universus
986 4000 1137 4078 affuerat,
1166 4019 1222 4060 nec
1238 3997 1305 4059 nisi
