2934 4625
281 235 341 297 lut
629 223 691 291 EX
715 219 949 292 HISTORIIS

196 415 263 478 aot
364 402 486 464 Interea
518 399 619 463 Julius
654 397 790 461 Sabinus
825 396 971 480 proiectis
1007 393 1144 459 loederis
1178 396 1304 460 romani

281 515 482 581 monimentis
511 519 667 578 caesarem
695 535 729 579 se
759 513 888 578 salutari
916 516 1004 592 Iubet
1032 531 1241 595 magnamque
1272 524 1305 574 et

281 628 473 693 inconditam
493 629 696 713 popularium
716 632 843 693 turbam
865 629 900 692 in
920 626 1085 713 Sequanos
1105 626 1204 710 rapit,
1228 648 1304 690 con·

282 742 448 807 terminam
477 744 632 807 civitatem
663 756 695 807 et
726 742 819 808 nobis
850 740 955 807 fidam.
996 763 1054 805 nec
1081 739 1220 823 Sequani
1249 736 1305 801 de·

283 870 455 925 trectarere
489 874 657 924 certamen.
714 845 844 924 furtum
875 859 1060 922 melioribus
1095 855 1204 920 adtrita
1242 856 1306 919 frasi

285 973 454 1054 Lingones.
503 972 640 1037 Sabinus
668 972 848 1038 festinatum
868 985 984 1036 temere
1005 973 1124 1035 bellum
1146 970 1216 1052 pari
1237 970 1305 1032 Ior-

286 1085 404 1150 midine
425 1087 572 1151 deseruit.
613 1098 712 1170 utque
733 1086 848 1148 famam
870 1085 956 1149 exitii
976 1084 1027 1149 sui
1045 1085 1176 1164 laceret,
1197 1082 1305 1146 villam

285 1203 320 1264 iu
343 1223 438 1285 quam
459 1203 639 1285 perfugerat
662 1202 828 1279 cremavit,
853 1200 917 1264 illic
937 1198 1114 1264 voluntaria
1134 1208 1234 1260 morte
1255 1195 1305 1257 iu·

286 1314 395 1378 terisse
425 1312 571 1378 creditus.
611 1311 675 1377 Sed
702 1316 818 1398 quibus
847 1316 967 1378 artibus
993 1307 1185 1396 latebrisque
1208 1310 1306 1375 vitam

287 1448 346 1507 per
366 1448 480 1493 novem
499 1446 576 1490 mox
598 1447 698 1492 annos
717 1424 909 1506 traduxerit,
931 1427 1025 1489 simul
1044 1425 1215 1490 amicorum
1238 1426 1306 1501 ejus

285 1543 492 1606 constantiam
513 1555 543 1605 et
563 1542 684 1625 insigne
702 1539 889 1625 Epponioae
909 1543 1020 1605 uxoris
1046 1541 1225 1622 exemplum
1246 1556 1307 1600 suo

288 1657 358 1721 Ioco
380 1655 559 1721 reddemus.
571 1653 604 1743 *)
646 1655 868 1743 Sequanorum
889 1679 1042 1741 prospera
1067 1656 1133 1723 acie
1152 1651 1228 1718 belli
1246 1654 1308 1717 im·

288 1780 379 1850 petus
409 1770 504 1833 stetit.
563 1769 746 1864 resipiscere
776 1769 927 1854 paulatlm
959 1771 1096 1837 ciuitates
1129 1771 1240 1854 fasque
1276 1779 1310 1829 et

288 1880 417 1970 foedera
441 1882 613 1965 respicere,
645 1881 841 1968 principibus
867 1886 993 1965 Remis,
1023 1886 1080 1971 qui
1106 1906 1165 1967 per
1191 1881 1308 1946 Gallias

289 1993 416 2059 edixere
442 2007 479 2061 ut
500 1994 603 2060 missis
626 1996 734 2078 legatis
758 1997 793 2061 in
820 2016 984 2064 commune
1013 1998 1241 2075 consultarent,
1267 1995 1307 2057 Ii·
1336 1989 1345 2014 '

289 2113 393 2176 bertas
412 2133 454 2174 an
473 2133 539 2194 pax
558 2088 705 2197 placeret.

204 2283 273 2346 ⁴2⁶⁸
376 2284 420 2348 At
452 2284 572 2349 Romae
608 2298 719 2349 cuncta
749 2285 784 2348 in
820 2282 957 2350 deterius
987 2283 1095 2348 audita
1123 2282 1308 2346 Mucianum

289 2401 459 2479 angebant,
487 2420 528 2461 ne
557 2420 739 2486 quanquam
768 2400 881 2484 egregii
910 2400 1004 2464 duces
1032 2396 1109 2486 (jam
1128 2399 1212 2461 euim
1232 2397 1308 2458 Gal-

287 2514 355 2576 lum
384 2513 524 2576 Annium
554 2527 586 2578 et
611 2517 758 2580 Petilium
788 2517 949 2581 Cerealem
979 2511 1124 2595 elegerat)
1154 2534 1307 2577 summam

288 2626 364 2688 belli
393 2647 505 2709 parum
536 2627 707 2691 tolerarent
708 2671 937 2694 .......
985 2629 1139 2709 Legiones
1167 2628 1308 2691 victrices

289 2755 377 2805 sexta
404 2753 436 2804 et
460 2752 587 2818 octava,
617 2741 848 2808 Vitellianarum
869 2745 1127 2824 unaetvicesima,
1159 2767 1176 2808 e
1198 2761 1308 2805 recens

290 2857 473 2940 conscriptis
499 2855 637 2919 secunda
663 2859 812 2940 penninis
839 2861 1044 2945 cottianisque
1067 2861 1208 2942 alpibus,
1234 2877 1309 2940 pars

289 2983 397 3035 monte
423 2975 509 3052 grajo
539 2967 766 3037 traducuntur:
796 2985 909 3058 quarta
934 2973 1065 3037 decuma
1085 2974 1168 3054 legio
1195 2994 1212 3035 e
1236 2973 1309 3035 Bri-

289 3082 414 3161 tannia,
445 3093 533 3144 sexta
565 3102 601 3142 ac
632 3080 763 3145 decuma
793 3106 834 3149 ex
863 3086 1016 3168 Hispania
1045 3087 1169 3147 accitae.
1210 3086 1310 3164 Igitur

290 3196 443 3260 venientis
473 3194 628 3257 exercitus
657 3192 741 3256 sama
768 3208 798 3259 et
829 3210 940 3278 suopte
966 3197 1093 3276 ingenio
1123 3195 1162 3259 ad
1184 3199 1311 3263 mitiora

290 3308 474 3370 inclinantes
512 3306 686 3369 Galliarum
721 3307 858 3373 civitates
895 3309 930 3371 in
966 3309 1082 3373 Remos
1123 3332 1310 3376 convenere.

290 3425 503 3487 Treverorum
530 3421 643 3504 legatio
675 3421 740 3486 illic
771 3423 996 3508 opperiebatur
1016 3426 1167 3489 acerrImo
1197 3426 1310 3488 instin-

291 3551 376 3600 ctore
393 3540 469 3601 belli
485 3537 592 3601 Tullio
609 3537 792 3604 Valentino.
832 3540 1024 3605 Ismeditata
1040 3544 1182 3605 oratIone
1199 3555 1309 3604 cuneta

291 3652 408 3734 magnis
429 3653 567 3735 imperils
596 3654 745 3730 objectari
766 3656 857 3720 solita
880 3657 1145 3741 contumeliasque
1177 3668 1208 3718 et
1227 3652 1309 3718 iuvi-

346 3955 372 4024 ')
389 3955 412 4007 is
430 3955 504 4009 locos
522 3954 607 4044 perlit,
624 3954 667 4007 adi
685 3962 770 4008 tameo
788 3953 953 4008 Plutarchum
973 3956 997 4006 in
1016 3955 1115 4007 erotica
1133 3957 1177 4007 25.
