2934 4625
310 257 353 318 7⁴2
663 253 724 319 EX
749 252 985 321 HISTORIIS

225 433 293 496 t‚59
396 430 496 492 lulius
519 427 631 492 deinde
654 427 764 492 Civilis
785 417 926 511 periculo
948 439 1122 510 exemptus,
1143 442 1337 514 praepotens

311 545 393 605 iuter
412 544 566 622 Batavos,
594 562 634 604 ne
656 541 812 624 supplicio
833 547 901 621 ejus
922 543 1016 606 ferox
1036 563 1112 622 gens
1134 543 1338 612 alienaretur.

312 671 343 720 et
364 672 452 721 erant
472 659 507 719 in
530 656 655 722 civitate
675 657 855 738 Lingonum
874 669 945 720 octo
967 659 1161 720 Batavorum
1180 659 1338 741 cohortes,

312 782 442 853 quartae
464 769 613 833 decumae
632 769 765 851 legionis
786 769 921 849 auxilia,
942 781 1011 832 tum
1035 768 1192 859 discordia
1212 785 1338 855 tempo-

311 906 383 945 rum
406 907 425 947 o
445 886 567 965 legi⁰ne
589 882 753 965 digressae,
774 894 872 963 prout
893 881 1105 962 inclinassent,
1126 883 1244 964 grande
1265 906 1337 949 mo·

312 1010 452 1060 mentum
473 998 575 1062 sociae
597 1012 652 1062 aut
675 996 834 1063 adversae.
875 998 1036 1077 Nonium,
1057 999 1249 1080 Donatium,
1269 1001 1337 1064 Ro·

312 1116 449 1193 milium,
477 1114 685 1198 Calpurnium
706 1114 923 1195 centuriones,
955 1115 994 1178 de
1017 1116 1133 1200 quibus
1156 1136 1253 1199 supra
1271 1130 1338 1180 ret·

312 1230 451 1307 tulimus,
473 1228 572 1292 occidi
592 1235 683 1310 jussit
703 1230 867 1294 damnatos
894 1229 969 1293 fidei
990 1230 1130 1308 crimine,
1151 1230 1336 1311 gravissimo
1448 1205 1449 1260 3

312 1348 394 1409 inter
414 1344 628 1410 desciscentes.
669 1366 825 1411 accessere
845 1346 989 1428 partibus
1009 1344 1158 1409 Valerius
1178 1345 1336 1409 Asiaticus

313 1459 451 1541 belgicae
479 1461 660 1541 provinciae
689 1462 826 1542 legatus,
852 1483 948 1546 quem
969 1481 1047 1524 mox
1073 1460 1219 1524 Vitellius
1242 1483 1337 1542 gene-

314 1598 387 1639 rum
424 1575 569 1655 adscivit,
601 1590 632 1640 et
664 1577 777 1640 lunius
809 1577 941 1640 Blaesus
976 1574 1179 1657 lugdunensis
1215 1574 1338 1639 Galliae
1449 1625 1450 1630 η

315 1701 419 1752 rector
443 1710 514 1752 cum
535 1689 638 1753 italica
656 1690 780 1771 legione
805 1702 835 1751 et
862 1691 913 1751 ala
933 1690 1076 1752 Taurino
1096 1688 1245 1770 Lugduni
1267 1701 1339 1751 ten·

316 1801 479 1881 dentibus,
508 1824 567 1865 nec
588 1804 623 1866 io
643 1802 768 1867 raeticis
791 1801 889 1883 copiis
909 1822 1001 1865 mora
1021 1820 1087 1886 quo
1107 1802 1213 1865 minus
1233 1803 1338 1866 statim

317 1917 571 1999 adjungerentur.

234 2047 304 2111 itu
401 2030 452 2094 Ne
473 2030 507 2091 in
531 2027 697 2091 Britannia
717 2028 846 2112 quidem
868 2026 1056 2092 dubitatum.
1077 2041 1138 2092 etc.

238 2160 299 2226 t,ot
402 2143 560 2223 Adiuncto
581 2146 757 2207 britannico
782 2144 923 2207 exercitu
943 2145 1052 2225 ingens
1069 2144 1188 2209 viribus
1208 2143 1340 2225 opibus·

319 2279 381 2342 quc
402 2258 550 2322 Vitellius
575 2258 655 2323 duos
680 2257 791 2340 duces,
826 2258 889 2324 duo
917 2259 1031 2324 itinera
1058 2261 1141 2323 bello
1163 2256 1340 2323 destinavit.

318 2373 435 2439 Fabius
455 2377 573 2440 Valens
597 2378 722 2440 allicere
743 2379 804 2457 vel,
826 2377 853 2440 si
872 2380 1056 2455 abnuerent,
1076 2389 1199 2442 vastare
1221 2376 1340 2439 Gallias

320 2502 350 2552 et
370 2491 512 2554 cottianis
534 2490 659 2573 alpibus
679 2490 802 2552 Italiam
821 2488 1014 2571 irrumpere,
1035 2488 1169 2552 Caecina
1188 2489 1340 2571 propiore

319 2604 455 2666 transitu
474 2604 598 2686 peninis
620 2604 701 2685 jugis
728 2602 855 2684 degredi
875 2607 989 2681 jussus.
1030 2603 1159 2667 Valenti
1178 2602 1339 2665 inferioris

320 2719 475 2782 exercitus
496 2717 585 2780 electi
606 2738 678 2779 cum
704 2716 811 2798 aquila
840 2714 967 2799 quintae
988 2713 1119 2794 legionis
1144 2727 1175 2778 et
1202 2715 1341 2778 cohorti·

320 2832 381 2895 bus
404 2833 523 2914 alisque
544 2828 585 2892 ad
606 2829 812 2912 quadraginta
834 2830 934 2892 millia
957 2841 1149 2893 armatorum
1171 2826 1261 2892 data:
1282 2828 1341 2892 tri·

320 2945 405 3026 ginta
442 2945 539 3008 millia
575 2942 711 3007 Caecina
743 2963 760 3004 e
795 2942 959 3024 superiore
993 2940 1162 3004 Germania
1195 2940 1341 3012 ducebat,

321 3078 457 3139 quorum
479 3060 580 3119 robur
598 3056 680 3134 legio
704 3076 783 3130 una,
803 3054 1101 3134 primactvicesima,
1122 3054 1192 3115 fuit.
1234 3053 1342 3118 addita

320 3169 447 3249 utrique
478 3168 712 3229 Germanorum
742 3168 877 3244 auxilia,
908 3187 926 3226 e
954 3166 1072 3248 quibus
1092 3164 1238 3228 Vitellius
1267 3186 1341 3232 suas

321 3299 450 3363 quoque
471 3279 577 3363 copias
597 3274 771 3359 supplerit,
791 3287 856 3338 tota
876 3277 961 3339 mole
981 3276 1058 3339 belli
1077 3289 1254 3341 secuturus.

238 3405 307 3469 t,oa
406 3393 490 3457 Mira
521 3393 606 3455 inter
638 3391 810 3455 exercitum
843 3392 1131 3475 imperatoremque
1166 3390 1343 3457 ditersitas.

320 3504 436 3568 instare
454 3504 553 3585 miles,
573 3526 660 3568 arma
677 3524 818 3588 poscere,
838 3503 915 3569 dum
935 3505 1055 3568 Galliae
1075 3502 1241 3587 trepident,
1263 3504 1342 3568 dum

320 3620 492 3705 Hispaniae
510 3633 704 3686 cunctentur.
745 3642 812 3685 non
828 3623 953 3685 obstare
973 3622 1110 3684 hiemem
1128 3642 1231 3706 neque
1251 3621 1343 3702 igna-

321 3756 378 3798 vae
399 3736 484 3816 pacis
505 3756 620 3798 moras.
659 3733 871 3800 invadendam
891 3735 1031 3815 ltaliam,
1052 3734 1264 3819 occupandam
1285 3757 1343 3798 ur·

322 3850 404 3912 bem.
452 3850 536 3912 ,nihil
565 3851 600 3913 in
635 3848 798 3915 discordiis
830 3849 974 3914 civilibus
1007 3850 1205 3915 festinatione
1234 3850 1342 3928 tutius,

324 3966 378 4027 ubi
406 3966 486 4028 facto
516 3965 611 4046 magis
641 3987 736 4050 quam
769 3967 910 4030 consulto
940 3985 1020 4048 opus
1050 3977 1140 4030 esset.
1181 3966 1343 4053 Torpebot
