<?xml version="1.0" encoding="UTF-8"?>
<!DOCTYPE html PUBLIC "-//W3C//DTD XHTML 1.0 Transitional//EN"
    "http://www.w3.org/TR/xhtml1/DTD/xhtml1-transitional.dtd">
<html xmlns="http://www.w3.org/1999/xhtml" xml:lang="en" lang="en">
 <head>
  <title>
</title>
<meta http-equiv="Content-Type" content="text/html;charset=utf-8" />
  <meta name='ocr-system' content='tesseract 3.04.00' />
  <meta name='ocr-capabilities' content='ocr_page ocr_carea ocr_par ocr_line ocrx_word'/>
</head>
<body>
  <div class='ocr_page' id='page_1' title='image "./tacitigermania02grimgoog_0120.png"; bbox 0 0 2934 4625; ppageno 0'>
   <div class='ocr_carea' id='block_1_1' title="bbox 308 258 981 328">
    <p class='ocr_par' dir='ltr' id='par_1_1' title="bbox 308 258 981 328">
     <span class='ocr_line' id='line_1_1' title="bbox 308 258 981 328; baseline -0.001 0"><span class='ocrx_word' id='word_1_1' title='bbox 308 261 372 328; x_wconf 85' lang='lat'><strong>106</strong></span> <span class='ocrx_word' id='word_1_2' title='bbox 660 258 724 327; x_wconf 79' lang='lat' dir='ltr'><strong>Illi</strong></span> <span class='ocrx_word' id='word_1_3' title='bbox 745 258 981 328; x_wconf 75' lang='lat' dir='ltr'>HISTORIIS</span> 
     </span>
    </p>
   </div>
   <div class='ocr_carea' id='block_1_2' title="bbox 306 432 1329 631">
    <p class='ocr_par' dir='ltr' id='par_1_2' title="bbox 306 432 1329 631">
     <span class='ocr_line' id='line_1_2' title="bbox 306 432 1329 517; baseline -0.002 -19"><span class='ocrx_word' id='word_1_4' title='bbox 306 448 352 498; x_wconf 91' lang='lat' dir='ltr'><strong>tes</strong></span> <span class='ocrx_word' id='word_1_5' title='bbox 373 433 562 517; x_wconf 76' lang='lat' dir='ltr'>Vespasiani</span> <span class='ocrx_word' id='word_1_6' title='bbox 584 446 785 514; x_wconf 84' lang='lat' dir='ltr'><strong>transgressa.</strong></span> <span class='ocrx_word' id='word_1_7' title='bbox 834 446 976 516; x_wconf 81' lang='lat' dir='ltr'><strong>praeerat</strong></span> <span class='ocrx_word' id='word_1_8' title='bbox 1003 432 1104 498; x_wconf 86' lang='lat' dir='ltr'><strong>Julius</strong></span> <span class='ocrx_word' id='word_1_9' title='bbox 1131 433 1329 515; x_wconf 76' lang='lat' dir='ltr'><strong>Briganticus</strong></span> 
     </span>
     <span class='ocr_line' id='line_1_3' title="bbox 306 547 1328 631; baseline 0.004 -22"><span class='ocrx_word' id='word_1_10' title='bbox 306 568 415 611; x_wconf 87' lang='lat' dir='ltr'><strong>sorore</strong></span> <span class='ocrx_word' id='word_1_11' title='bbox 439 547 547 614; x_wconf 81' lang='lat' dir='ltr'><strong>Civilis</strong></span> <span class='ocrx_word' id='word_1_12' title='bbox 573 552 711 628; x_wconf 88' lang='lat' dir='ltr'><strong>genitus,</strong></span> <span class='ocrx_word' id='word_1_13' title='bbox 741 563 776 612; x_wconf 90' lang='lat' dir='ltr'><strong>ut</strong></span> <span class='ocrx_word' id='word_1_14' title='bbox 804 552 902 613; x_wconf 88' lang='lat' dir='ltr'><strong>ferme</strong></span> <span class='ocrx_word' id='word_1_15' title='bbox 929 550 1081 613; x_wconf 86' lang='lat' dir='ltr'><strong>acerrima</strong></span> <span class='ocrx_word' id='word_1_16' title='bbox 1108 552 1328 631; x_wconf 85' lang='lat' dir='ltr'><strong>proximorum</strong></span> 
     </span>
    </p>
   </div>
   <div class='ocr_carea' id='block_1_3' title="bbox 306 645 1327 748">
    <p class='ocr_par' dir='ltr' id='par_1_3' title="bbox 306 645 1327 748">
     <span class='ocr_line' id='line_1_4' title="bbox 306 645 1327 748; baseline 0.002 -23"><span class='ocrx_word' id='word_1_17' title='bbox 306 662 379 725; x_wconf 88' lang='lat' dir='ltr'><strong>odia</strong></span> <span class='ocrx_word' id='word_1_18' title='bbox 400 675 487 741; x_wconf 86' lang='lat' dir='ltr'><strong>sunt,</strong></span> <span class='ocrx_word' id='word_1_19' title='bbox 508 663 629 726; x_wconf 88' lang='lat' dir='ltr'><strong>invisus</strong></span> <span class='ocrx_word' id='word_1_20' title='bbox 651 665 807 727; x_wconf 83' lang='lat' dir='ltr'><strong>avunculo</strong></span> <span class='ocrx_word' id='word_1_21' title='bbox 829 645 1044 748; x_wconf 69' lang='lat' dir='ltr'><strong>infensusdue.</strong></span> <span class='ocrx_word' id='word_1_22' title='bbox 1085 666 1188 728; x_wconf 81' lang='lat' dir='ltr'><strong>Tutor</strong></span> <span class='ocrx_word' id='word_1_23' title='bbox 1209 665 1327 727; x_wconf 85' lang='lat' dir='ltr'><strong>Treve-</strong></span> 
     </span>
    </p>
   </div>
   <div class='ocr_carea' id='block_1_4' title="bbox 211 777 1375 4059">
    <p class='ocr_par' dir='ltr' id='par_1_4' title="bbox 300 777 1327 2235">
     <span class='ocr_line' id='line_1_5' title="bbox 304 777 1327 859; baseline 0.001 -19"><span class='ocrx_word' id='word_1_24' title='bbox 304 798 414 840; x_wconf 87' lang='lat' dir='ltr'><strong>rorum</strong></span> <span class='ocrx_word' id='word_1_25' title='bbox 436 779 541 859; x_wconf 84' lang='lat' dir='ltr'><strong>copias</strong></span> <span class='ocrx_word' id='word_1_26' title='bbox 565 779 684 840; x_wconf 80' lang='lat' dir='ltr'><strong>recenti</strong></span> <span class='ocrx_word' id='word_1_27' title='bbox 703 778 921 858; x_wconf 86' lang='lat' dir='ltr'><strong>Vangionum,</strong></span> <span class='ocrx_word' id='word_1_28' title='bbox 951 777 1182 857; x_wconf 86' lang='lat' dir='ltr'><strong>Caeracatium,</strong></span> <span class='ocrx_word' id='word_1_29' title='bbox 1210 780 1327 842; x_wconf 90' lang='lat' dir='ltr'><strong>Tribo-</strong></span> 
     </span>
     <span class='ocr_line' id='line_1_6' title="bbox 305 890 1326 975; baseline 0 -21"><span class='ocrx_word' id='word_1_30' title='bbox 305 913 414 955; x_wconf 85' lang='lat' dir='ltr'><strong>corum</strong></span> <span class='ocrx_word' id='word_1_31' title='bbox 439 890 561 955; x_wconf 89' lang='lat' dir='ltr'><strong>delectu</strong></span> <span class='ocrx_word' id='word_1_32' title='bbox 583 904 687 955; x_wconf 89' lang='lat' dir='ltr'><strong>auctas</strong></span> <span class='ocrx_word' id='word_1_33' title='bbox 708 904 858 955; x_wconf 85' lang='lat' dir='ltr'><strong>veterano</strong></span> <span class='ocrx_word' id='word_1_34' title='bbox 883 890 988 974; x_wconf 88' lang='lat' dir='ltr'><strong>pedite</strong></span> <span class='ocrx_word' id='word_1_35' title='bbox 1016 904 1110 975; x_wconf 91' lang='lat' dir='ltr'><strong>atque</strong></span> <span class='ocrx_word' id='word_1_36' title='bbox 1140 892 1243 975; x_wconf 87' lang='lat' dir='ltr'><strong>equite</strong></span> <span class='ocrx_word' id='word_1_37' title='bbox 1271 892 1326 954; x_wconf 88' lang='lat' dir='ltr'><strong>fir·</strong></span> 
     </span>
     <span class='ocr_line' id='line_1_7' title="bbox 304 1007 1326 1090; baseline 0 -21"><span class='ocrx_word' id='word_1_38' title='bbox 304 1009 416 1085; x_wconf 84' lang='lat' dir='ltr'><strong>mavit,</strong></span> <span class='ocrx_word' id='word_1_39' title='bbox 446 1007 602 1089; x_wconf 80' lang='lat' dir='ltr'><strong>corruptio</strong></span> <span class='ocrx_word' id='word_1_40' title='bbox 623 1028 678 1089; x_wconf 89' lang='lat' dir='ltr'><strong>spe</strong></span> <span class='ocrx_word' id='word_1_41' title='bbox 701 1021 754 1070; x_wconf 91' lang='lat' dir='ltr'><strong>aut</strong></span> <span class='ocrx_word' id='word_1_42' title='bbox 775 1022 861 1071; x_wconf 89' lang='lat' dir='ltr'><strong>metu</strong></span> <span class='ocrx_word' id='word_1_43' title='bbox 887 1009 1021 1070; x_wconf 85' lang='lat' dir='ltr'><strong>subactis</strong></span> <span class='ocrx_word' id='word_1_44' title='bbox 1042 1008 1238 1087; x_wconf 79' lang='lat' dir='ltr'><strong>legionariis,</strong></span> <span class='ocrx_word' id='word_1_45' title='bbox 1269 1007 1326 1090; x_wconf 90' lang='lat' dir='ltr'><strong>qui</strong></span> 
     </span>
     <span class='ocr_line' id='line_1_8' title="bbox 303 1120 1325 1203; baseline 0 -20"><span class='ocrx_word' id='word_1_46' title='bbox 303 1122 407 1203; x_wconf 90' lang='lat' dir='ltr'><strong>primo</strong></span> <span class='ocrx_word' id='word_1_47' title='bbox 439 1123 600 1185; x_wconf 87' lang='lat' dir='ltr'><strong>cohortem</strong></span> <span class='ocrx_word' id='word_1_48' title='bbox 631 1122 833 1201; x_wconf 77' lang='lat' dir='ltr'><strong>praemIssam</strong></span> <span class='ocrx_word' id='word_1_49' title='bbox 863 1144 881 1182; x_wconf 86' lang='lat' dir='ltr'><strong>a</strong></span> <span class='ocrx_word' id='word_1_50' title='bbox 909 1120 1041 1184; x_wconf 85' lang='lat' dir='ltr'><strong>Sextilio</strong></span> <span class='ocrx_word' id='word_1_51' title='bbox 1071 1121 1174 1183; x_wconf 84' lang='lat' dir='ltr'><strong>Felice</strong></span> <span class='ocrx_word' id='word_1_52' title='bbox 1205 1121 1325 1183; x_wconf 88' lang='lat' dir='ltr'><strong>interfi-</strong></span> 
     </span>
     <span class='ocr_line' id='line_1_9' title="bbox 304 1232 1324 1317; baseline 0.004 -23"><span class='ocrx_word' id='word_1_53' title='bbox 304 1236 404 1312; x_wconf 89' lang='lat' dir='ltr'><strong>ciunt,</strong></span> <span class='ocrx_word' id='word_1_54' title='bbox 427 1255 505 1297; x_wconf 84' lang='lat' dir='ltr'><strong>mox</strong></span> <span class='ocrx_word' id='word_1_55' title='bbox 525 1236 581 1296; x_wconf 91' lang='lat' dir='ltr'><strong>ubi</strong></span> <span class='ocrx_word' id='word_1_56' title='bbox 604 1232 697 1295; x_wconf 86' lang='lat' dir='ltr'><strong>duces</strong></span> <span class='ocrx_word' id='word_1_57' title='bbox 719 1233 936 1316; x_wconf 86' lang='lat' dir='ltr'><strong>exercitusque</strong></span> <span class='ocrx_word' id='word_1_58' title='bbox 957 1255 1107 1297; x_wconf 87' lang='lat' dir='ltr'><strong>romanus</strong></span> <span class='ocrx_word' id='word_1_59' title='bbox 1129 1235 1324 1317; x_wconf 88' lang='lat' dir='ltr'><strong>propinqua·</strong></span> 
     </span>
     <span class='ocr_line' id='line_1_10' title="bbox 303 1346 1324 1428; baseline 0.001 -18"><span class='ocrx_word' id='word_1_60' title='bbox 303 1349 394 1427; x_wconf 91' lang='lat' dir='ltr'><strong>bant,</strong></span> <span class='ocrx_word' id='word_1_61' title='bbox 415 1350 549 1412; x_wconf 88' lang='lat' dir='ltr'><strong>honesto</strong></span> <span class='ocrx_word' id='word_1_62' title='bbox 571 1349 743 1428; x_wconf 78' lang='lat' dir='ltr'><strong>translugIo</strong></span> <span class='ocrx_word' id='word_1_63' title='bbox 766 1346 904 1424; x_wconf 88' lang='lat' dir='ltr'><strong>rediere,</strong></span> <span class='ocrx_word' id='word_1_64' title='bbox 928 1350 1041 1412; x_wconf 89' lang='lat' dir='ltr'><strong>secutis</strong></span> <span class='ocrx_word' id='word_1_65' title='bbox 1060 1350 1212 1426; x_wconf 75' lang='lat' dir='ltr'><strong>Tribocis,</strong></span> <span class='ocrx_word' id='word_1_66' title='bbox 1234 1350 1324 1411; x_wconf 91' lang='lat' dir='ltr'><strong>Vau-</strong></span> 
     </span>
     <span class='ocr_line' id='line_1_11' title="bbox 301 1461 1323 1546; baseline 0 -22"><span class='ocrx_word' id='word_1_67' title='bbox 301 1464 510 1546; x_wconf 90' lang='lat' dir='ltr'><strong>gionibusque</strong></span> <span class='ocrx_word' id='word_1_68' title='bbox 539 1475 570 1525; x_wconf 89' lang='lat' dir='ltr'><strong>et</strong></span> <span class='ocrx_word' id='word_1_69' title='bbox 597 1461 826 1528; x_wconf 77' lang='lat' dir='ltr'><strong>Caeracatibus.</strong></span> <span class='ocrx_word' id='word_1_70' title='bbox 868 1465 971 1527; x_wconf 85' lang='lat' dir='ltr'><strong>Tutor</strong></span> <span class='ocrx_word' id='word_1_71' title='bbox 994 1466 1145 1528; x_wconf 84' lang='lat' dir='ltr'><strong>Treveris</strong></span> <span class='ocrx_word' id='word_1_72' title='bbox 1172 1465 1323 1527; x_wconf 89' lang='lat' dir='ltr'><strong>comitan-</strong></span> 
     </span>
     <span class='ocr_line' id='line_1_12' title="bbox 300 1575 1322 1655; baseline 0.005 -18"><span class='ocrx_word' id='word_1_73' title='bbox 300 1575 402 1654; x_wconf 86' lang='lat' dir='ltr'><strong>tibus,</strong></span> <span class='ocrx_word' id='word_1_74' title='bbox 424 1576 522 1640; x_wconf 84' lang='lat' dir='ltr'><strong>vitato</strong></span> <span class='ocrx_word' id='word_1_75' title='bbox 542 1576 758 1655; x_wconf 77' lang='lat' dir='ltr'><strong>Mogontiaco,</strong></span> <span class='ocrx_word' id='word_1_76' title='bbox 780 1575 927 1655; x_wconf 84' lang='lat' dir='ltr'><strong>Bingium</strong></span> <span class='ocrx_word' id='word_1_77' title='bbox 951 1579 1101 1640; x_wconf 84' lang='lat' dir='ltr'><strong>concessit</strong></span> <span class='ocrx_word' id='word_1_78' title='bbox 1120 1575 1218 1639; x_wconf 85' lang='lat' dir='ltr'><strong>fidens</strong></span> <span class='ocrx_word' id='word_1_79' title='bbox 1239 1579 1322 1648; x_wconf 89' lang='lat' dir='ltr'><strong>loco,</strong></span> 
     </span>
     <span class='ocr_line' id='line_1_13' title="bbox 301 1686 1321 1772; baseline 0.003 -23"><span class='ocrx_word' id='word_1_80' title='bbox 301 1689 376 1772; x_wconf 89' lang='lat' dir='ltr'><strong>quia</strong></span> <span class='ocrx_word' id='word_1_81' title='bbox 405 1704 534 1772; x_wconf 91' lang='lat' dir='ltr'><strong>pontem</strong></span> <span class='ocrx_word' id='word_1_82' title='bbox 562 1689 671 1752; x_wconf 78' lang='lat' dir='ltr'><strong>Navae</strong></span> <span class='ocrx_word' id='word_1_83' title='bbox 702 1686 857 1750; x_wconf 74' lang='lat' dir='ltr'><strong>fluminis</strong></span> <span class='ocrx_word' id='word_1_84' title='bbox 872 1691 1051 1771; x_wconf 88' lang='lat' dir='ltr'><strong>abruperat.</strong></span> <span class='ocrx_word' id='word_1_85' title='bbox 1101 1689 1165 1752; x_wconf 87' lang='lat' dir='ltr'><strong>Sed</strong></span> <span class='ocrx_word' id='word_1_86' title='bbox 1192 1691 1321 1754; x_wconf 88' lang='lat' dir='ltr'><strong>incursu</strong></span> 
     </span>
     <span class='ocr_line' id='line_1_14' title="bbox 300 1802 1322 1887; baseline 0.003 -23"><span class='ocrx_word' id='word_1_87' title='bbox 300 1803 479 1865; x_wconf 82' lang='lat' dir='ltr'><strong>cohortIum</strong></span> <span class='ocrx_word' id='word_1_88' title='bbox 503 1825 582 1886; x_wconf 90' lang='lat' dir='ltr'><strong>quas</strong></span> <span class='ocrx_word' id='word_1_89' title='bbox 609 1802 759 1866; x_wconf 85' lang='lat' dir='ltr'><strong>Sextilius</strong></span> <span class='ocrx_word' id='word_1_90' title='bbox 788 1802 920 1866; x_wconf 90' lang='lat' dir='ltr'><strong>ducebat</strong></span> <span class='ocrx_word' id='word_1_91' title='bbox 942 1817 973 1867; x_wconf 90' lang='lat' dir='ltr'><strong>et</strong></span> <span class='ocrx_word' id='word_1_92' title='bbox 995 1815 1119 1887; x_wconf 79' lang='lat' dir='ltr'><strong>reperto</strong></span> <span class='ocrx_word' id='word_1_93' title='bbox 1142 1804 1224 1868; x_wconf 84' lang='lat' dir='ltr'><strong>vado</strong></span> <span class='ocrx_word' id='word_1_94' title='bbox 1246 1826 1322 1887; x_wconf 89' lang='lat' dir='ltr'><strong>pro·</strong></span> 
     </span>
     <span class='ocr_line' id='line_1_15' title="bbox 300 1915 1321 2002; baseline 0.004 -25"><span class='ocrx_word' id='word_1_95' title='bbox 300 1915 383 1979; x_wconf 91' lang='lat' dir='ltr'><strong>ditus</strong></span> <span class='ocrx_word' id='word_1_96' title='bbox 415 1918 578 2001; x_wconf 84' lang='lat' dir='ltr'><strong>fususque.</strong></span> <span class='ocrx_word' id='word_1_97' title='bbox 637 1940 675 1981; x_wconf 88' lang='lat' dir='ltr'><strong>ea</strong></span> <span class='ocrx_word' id='word_1_98' title='bbox 705 1916 792 1982; x_wconf 91' lang='lat' dir='ltr'><strong>clade</strong></span> <span class='ocrx_word' id='word_1_99' title='bbox 822 1918 958 2002; x_wconf 88' lang='lat' dir='ltr'><strong>perculsi</strong></span> <span class='ocrx_word' id='word_1_100' title='bbox 992 1918 1125 1982; x_wconf 86' lang='lat' dir='ltr'><strong>Treveri</strong></span> <span class='ocrx_word' id='word_1_101' title='bbox 1140 1932 1184 1981; x_wconf 78' lang='lat' dir='ltr'><strong>&#39;et</strong></span> <span class='ocrx_word' id='word_1_102' title='bbox 1212 1919 1321 1999; x_wconf 82' lang='lat' dir='ltr'><strong>&#39;plebes</strong></span> 
     </span>
     <span class='ocr_line' id='line_1_16' title="bbox 300 2033 1321 2119; baseline 0.004 -25"><span class='ocrx_word' id='word_1_103' title='bbox 300 2033 421 2095; x_wconf 85' lang='lat' dir='ltr'><strong>omissis</strong></span> <span class='ocrx_word' id='word_1_104' title='bbox 443 2036 537 2095; x_wconf 89' lang='lat' dir='ltr'><strong>armis</strong></span> <span class='ocrx_word' id='word_1_105' title='bbox 559 2055 617 2115; x_wconf 91' lang='lat' dir='ltr'><strong>per</strong></span> <span class='ocrx_word' id='word_1_106' title='bbox 639 2056 728 2113; x_wconf 88' lang='lat' dir='ltr'><strong>agros</strong></span> <span class='ocrx_word' id='word_1_107' title='bbox 750 2038 891 2116; x_wconf 88' lang='lat' dir='ltr'><strong>palatur:</strong></span> <span class='ocrx_word' id='word_1_108' title='bbox 917 2034 1045 2119; x_wconf 91' lang='lat' dir='ltr'><strong>quidam</strong></span> <span class='ocrx_word' id='word_1_109' title='bbox 1066 2036 1262 2118; x_wconf 88' lang='lat' dir='ltr'><strong>principum,</strong></span> <span class='ocrx_word' id='word_1_110' title='bbox 1285 2051 1321 2099; x_wconf 92' lang='lat' dir='ltr'><strong>ut</strong></span> 
     </span>
     <span class='ocr_line' id='line_1_17' title="bbox 300 2148 1319 2235; baseline 0.004 -24"><span class='ocrx_word' id='word_1_111' title='bbox 300 2148 394 2230; x_wconf 90' lang='lat' dir='ltr'><strong>primi</strong></span> <span class='ocrx_word' id='word_1_112' title='bbox 414 2152 555 2229; x_wconf 86' lang='lat' dir='ltr'><strong>posuisse</strong></span> <span class='ocrx_word' id='word_1_113' title='bbox 583 2150 701 2210; x_wconf 90' lang='lat' dir='ltr'><strong>bellum</strong></span> <span class='ocrx_word' id='word_1_114' title='bbox 722 2148 920 2230; x_wconf 86' lang='lat' dir='ltr'><strong>viderentur,</strong></span> <span class='ocrx_word' id='word_1_115' title='bbox 950 2152 984 2213; x_wconf 90' lang='lat' dir='ltr'><strong>in</strong></span> <span class='ocrx_word' id='word_1_116' title='bbox 1007 2152 1144 2215; x_wconf 87' lang='lat' dir='ltr'><strong>civitates</strong></span> <span class='ocrx_word' id='word_1_117' title='bbox 1166 2172 1247 2235; x_wconf 86' lang='lat' dir='ltr'><strong>quaa</strong></span> <span class='ocrx_word' id='word_1_118' title='bbox 1267 2172 1319 2215; x_wconf 92' lang='lat' dir='ltr'><strong>so·</strong></span> 
     </span>
    </p>

    <p class='ocr_par' dir='ltr' id='par_1_5' title="bbox 237 2263 1375 3243">
     <span class='ocr_line' id='line_1_18' title="bbox 237 2263 1317 2347; baseline 0.006 -24"><span class='ocrx_word' id='word_1_119' title='bbox 237 2327 247 2343; x_wconf 52' lang='lat'>‚</span> <span class='ocrx_word' id='word_1_120' title='bbox 299 2263 439 2325; x_wconf 79' lang='lat' dir='ltr'><strong>rietatem</strong></span> <span class='ocrx_word' id='word_1_121' title='bbox 459 2282 621 2325; x_wconf 88' lang='lat' dir='ltr'><strong>romanam</strong></span> <span class='ocrx_word' id='word_1_122' title='bbox 641 2280 708 2325; x_wconf 89' lang='lat' dir='ltr'><strong>non</strong></span> <span class='ocrx_word' id='word_1_123' title='bbox 730 2276 883 2328; x_wconf 86' lang='lat' dir='ltr'><strong>exuerant</strong></span> <span class='ocrx_word' id='word_1_124' title='bbox 904 2265 1082 2347; x_wconf 87' lang='lat' dir='ltr'><strong>perfugere.</strong></span> <span class='ocrx_word' id='word_1_125' title='bbox 1122 2264 1317 2346; x_wconf 82' lang='lat' dir='ltr'><strong>LegIonesa</strong></span> 
     </span>
     <span class='ocr_line' id='line_1_19' title="bbox 297 2375 1317 2461; baseline 0.003 -23"><span class='ocrx_word' id='word_1_126' title='bbox 297 2375 436 2440; x_wconf 89' lang='lat' dir='ltr'><strong>Novesio</strong></span> <span class='ocrx_word' id='word_1_127' title='bbox 457 2379 632 2461; x_wconf 88' lang='lat' dir='ltr'><strong>Bonnaque</strong></span> <span class='ocrx_word' id='word_1_128' title='bbox 654 2379 688 2440; x_wconf 90' lang='lat' dir='ltr'><strong>in</strong></span> <span class='ocrx_word' id='word_1_129' title='bbox 708 2380 874 2457; x_wconf 83' lang='lat' dir='ltr'><strong>Treveros,</strong></span> <span class='ocrx_word' id='word_1_130' title='bbox 898 2393 934 2442; x_wconf 90' lang='lat' dir='ltr'><strong>ut</strong></span> <span class='ocrx_word' id='word_1_131' title='bbox 954 2401 1049 2461; x_wconf 90' lang='lat' dir='ltr'><strong>supra</strong></span> <span class='ocrx_word' id='word_1_132' title='bbox 1067 2379 1317 2456; x_wconf 85' lang='lat' dir='ltr'><strong>memoravimus,</strong></span> 
     </span>
     <span class='ocr_line' id='line_1_20' title="bbox 297 2491 1316 2576; baseline 0.001 -21"><span class='ocrx_word' id='word_1_133' title='bbox 297 2491 456 2557; x_wconf 87' lang='lat' dir='ltr'><strong>traductae</strong></span> <span class='ocrx_word' id='word_1_134' title='bbox 486 2513 519 2555; x_wconf 88' lang='lat' dir='ltr'><strong>se</strong></span> <span class='ocrx_word' id='word_1_135' title='bbox 546 2494 633 2576; x_wconf 87' lang='lat' dir='ltr'><strong>ipsae</strong></span> <span class='ocrx_word' id='word_1_136' title='bbox 661 2494 695 2555; x_wconf 92' lang='lat' dir='ltr'><strong>in</strong></span> <span class='ocrx_word' id='word_1_137' title='bbox 723 2497 821 2558; x_wconf 85' lang='lat' dir='ltr'><strong>verba</strong></span> <span class='ocrx_word' id='word_1_138' title='bbox 842 2495 1031 2576; x_wconf 87' lang='lat' dir='ltr'><strong>Vespasiani</strong></span> <span class='ocrx_word' id='word_1_139' title='bbox 1051 2493 1191 2574; x_wconf 87' lang='lat' dir='ltr'><strong>adigunt.</strong></span> <span class='ocrx_word' id='word_1_140' title='bbox 1230 2494 1316 2556; x_wconf 89' lang='lat' dir='ltr'><strong>Haec</strong></span> 
     </span>
     <span class='ocr_line' id='line_1_21' title="bbox 296 2606 1316 2689; baseline 0.001 -21"><span class='ocrx_word' id='word_1_141' title='bbox 296 2606 467 2668; x_wconf 84' lang='lat' dir='ltr'><strong>Valentino</strong></span> <span class='ocrx_word' id='word_1_142' title='bbox 501 2608 627 2669; x_wconf 86' lang='lat' dir='ltr'><strong>absente</strong></span> <span class='ocrx_word' id='word_1_143' title='bbox 661 2620 764 2685; x_wconf 82' lang='lat' dir='ltr'><strong>gesta3</strong></span> <span class='ocrx_word' id='word_1_144' title='bbox 809 2608 865 2689; x_wconf 89' lang='lat' dir='ltr'><strong>qui</strong></span> <span class='ocrx_word' id='word_1_145' title='bbox 900 2607 956 2669; x_wconf 91' lang='lat' dir='ltr'><strong>ubi</strong></span> <span class='ocrx_word' id='word_1_146' title='bbox 988 2606 1174 2671; x_wconf 85' lang='lat' dir='ltr'><strong>adventabat</strong></span> <span class='ocrx_word' id='word_1_147' title='bbox 1208 2611 1316 2670; x_wconf 86' lang='lat' dir='ltr'><strong>furens</strong></span> 
     </span>
     <span class='ocr_line' id='line_1_22' title="bbox 298 2719 1316 2804; baseline -0.001 -21"><span class='ocrx_word' id='word_1_148' title='bbox 298 2733 472 2804; x_wconf 88' lang='lat' dir='ltr'><strong>cunctaque</strong></span> <span class='ocrx_word' id='word_1_149' title='bbox 501 2740 611 2781; x_wconf 87' lang='lat' dir='ltr'><strong>rursus</strong></span> <span class='ocrx_word' id='word_1_150' title='bbox 646 2719 677 2779; x_wconf 89' lang='lat' dir='ltr'><strong>in</strong></span> <span class='ocrx_word' id='word_1_151' title='bbox 710 2720 817 2781; x_wconf 87' lang='lat' dir='ltr'><strong>turbas</strong></span> <span class='ocrx_word' id='word_1_152' title='bbox 848 2733 879 2782; x_wconf 91' lang='lat' dir='ltr'><strong>et</strong></span> <span class='ocrx_word' id='word_1_153' title='bbox 911 2719 1066 2782; x_wconf 85' lang='lat' dir='ltr'><strong>excidium</strong></span> <span class='ocrx_word' id='word_1_154' title='bbox 1098 2741 1316 2799; x_wconf 87' lang='lat' dir='ltr'><strong>conversurus,</strong></span> 
     </span>
     <span class='ocr_line' id='line_1_23' title="bbox 295 2833 1317 2917; baseline 0.005 -21"><span class='ocrx_word' id='word_1_155' title='bbox 295 2835 433 2915; x_wconf 87' lang='lat' dir='ltr'><strong>legiones</strong></span> <span class='ocrx_word' id='word_1_156' title='bbox 453 2837 488 2895; x_wconf 88' lang='lat' dir='ltr'><strong>in</strong></span> <span class='ocrx_word' id='word_1_157' title='bbox 508 2833 779 2913; x_wconf 84' lang='lat' dir='ltr'><strong>MedIomatricos,</strong></span> <span class='ocrx_word' id='word_1_158' title='bbox 801 2835 918 2897; x_wconf 88' lang='lat' dir='ltr'><strong>sociam</strong></span> <span class='ocrx_word' id='word_1_159' title='bbox 939 2836 1108 2917; x_wconf 74' lang='lat' dir='ltr'><strong>ciritatem,</strong></span> <span class='ocrx_word' id='word_1_160' title='bbox 1130 2840 1317 2901; x_wconf 84' lang='lat' dir='ltr'><strong>abscessere.</strong></span> 
     </span>
     <span class='ocr_line' id='line_1_24' title="bbox 296 2945 1375 3031; baseline 0.006 -22"><span class='ocrx_word' id='word_1_161' title='bbox 296 2949 483 3012; x_wconf 86' lang='lat' dir='ltr'><strong>Valentinus</strong></span> <span class='ocrx_word' id='word_1_162' title='bbox 505 2970 540 3011; x_wconf 89' lang='lat' dir='ltr'><strong>ac</strong></span> <span class='ocrx_word' id='word_1_163' title='bbox 562 2949 663 3011; x_wconf 88' lang='lat' dir='ltr'><strong>Tutor</strong></span> <span class='ocrx_word' id='word_1_164' title='bbox 682 2950 716 3010; x_wconf 89' lang='lat' dir='ltr'><strong>in</strong></span> <span class='ocrx_word' id='word_1_165' title='bbox 739 2970 825 3011; x_wconf 89' lang='lat' dir='ltr'><strong>arma</strong></span> <span class='ocrx_word' id='word_1_166' title='bbox 846 2950 1002 3015; x_wconf 81' lang='lat' dir='ltr'><strong>Treveros</strong></span> <span class='ocrx_word' id='word_1_167' title='bbox 1023 2954 1204 3031; x_wconf 88' lang='lat' dir='ltr'><strong>retrahunt,</strong></span> <span class='ocrx_word' id='word_1_168' title='bbox 1233 2954 1316 3015; x_wconf 90' lang='lat' dir='ltr'><strong>occi·</strong></span> <span class='ocrx_word' id='word_1_169' title='bbox 1369 2945 1375 2950; x_wconf 66' lang='grc'><strong>’</strong></span> 
     </span>
     <span class='ocr_line' id='line_1_25' title="bbox 295 3062 1315 3148; baseline 0.001 -23"><span class='ocrx_word' id='word_1_170' title='bbox 295 3064 337 3125; x_wconf 88' lang='lat' dir='ltr'><strong>sis</strong></span> <span class='ocrx_word' id='word_1_171' title='bbox 356 3062 518 3126; x_wconf 89' lang='lat' dir='ltr'><strong>Herennio</strong></span> <span class='ocrx_word' id='word_1_172' title='bbox 537 3085 572 3125; x_wconf 90' lang='lat' dir='ltr'><strong>ac</strong></span> <span class='ocrx_word' id='word_1_173' title='bbox 592 3063 738 3126; x_wconf 87' lang='lat' dir='ltr'><strong>Numisio</strong></span> <span class='ocrx_word' id='word_1_174' title='bbox 759 3064 876 3144; x_wconf 89' lang='lat' dir='ltr'><strong>legatis,</strong></span> <span class='ocrx_word' id='word_1_175' title='bbox 899 3085 962 3148; x_wconf 88' lang='lat' dir='ltr'><strong>quo</strong></span> <span class='ocrx_word' id='word_1_176' title='bbox 984 3065 1107 3128; x_wconf 86' lang='lat' dir='ltr'><strong>minore</strong></span> <span class='ocrx_word' id='word_1_177' title='bbox 1128 3086 1182 3145; x_wconf 89' lang='lat' dir='ltr'><strong>spe</strong></span> <span class='ocrx_word' id='word_1_178' title='bbox 1202 3065 1315 3128; x_wconf 79' lang='lat' dir='ltr'><strong>veniae</strong></span> 
     </span>
     <span class='ocr_line' id='line_1_26' title="bbox 295 3178 784 3243; baseline -0.002 -3"><span class='ocrx_word' id='word_1_179' title='bbox 295 3191 446 3242; x_wconf 84' lang='lat' dir='ltr'><strong>cresceret</strong></span> <span class='ocrx_word' id='word_1_180' title='bbox 467 3179 627 3243; x_wconf 88' lang='lat' dir='ltr'><strong>vinculum</strong></span> <span class='ocrx_word' id='word_1_181' title='bbox 649 3178 784 3239; x_wconf 85' lang='lat' dir='ltr'><strong>sceleris.</strong></span> 
     </span>
    </p>

    <p class='ocr_par' dir='ltr' id='par_1_6' title="bbox 211 3288 1321 4059">
     <span class='ocr_line' id='line_1_27' title="bbox 211 3288 1315 3370; baseline 0.011 -28"><span class='ocrx_word' id='word_1_182' title='bbox 211 3293 237 3356; x_wconf 88' lang='lat'><strong>4,</strong></span> <span class='ocrx_word' id='word_1_183' title='bbox 248 3293 279 3344; x_wconf 84' lang='lat' dir='ltr'><strong>u</strong></span> <span class='ocrx_word' id='word_1_184' title='bbox 378 3289 438 3351; x_wconf 88' lang='lat' dir='ltr'><strong>Hic</strong></span> <span class='ocrx_word' id='word_1_185' title='bbox 469 3289 544 3349; x_wconf 91' lang='lat' dir='ltr'><strong>belli</strong></span> <span class='ocrx_word' id='word_1_186' title='bbox 573 3299 670 3350; x_wconf 89' lang='lat' dir='ltr'><strong>status</strong></span> <span class='ocrx_word' id='word_1_187' title='bbox 699 3301 782 3365; x_wconf 87' lang='lat' dir='ltr'><strong>erat,</strong></span> <span class='ocrx_word' id='word_1_188' title='bbox 813 3308 912 3370; x_wconf 89' lang='lat' dir='ltr'><strong>quum</strong></span> <span class='ocrx_word' id='word_1_189' title='bbox 931 3288 1060 3353; x_wconf 87' lang='lat' dir='ltr'><strong>Petilius</strong></span> <span class='ocrx_word' id='word_1_190' title='bbox 1085 3288 1215 3353; x_wconf 84' lang='lat' dir='ltr'><strong>Cerialis</strong></span> <span class='ocrx_word' id='word_1_191' title='bbox 1241 3293 1315 3354; x_wconf 90' lang='lat' dir='ltr'><strong>Ma·</strong></span> 
     </span>
     <span class='ocr_line' id='line_1_28' title="bbox 293 3401 1313 3486; baseline 0 -20"><span class='ocrx_word' id='word_1_192' title='bbox 293 3404 470 3486; x_wconf 89' lang='lat' dir='ltr'><strong>gontiacum</strong></span> <span class='ocrx_word' id='word_1_193' title='bbox 485 3401 583 3468; x_wconf 80' lang='lat' dir='ltr'><strong>venit.</strong></span> <span class='ocrx_word' id='word_1_194' title='bbox 621 3408 687 3482; x_wconf 86' lang='lat' dir='ltr'><strong>ejus</strong></span> <span class='ocrx_word' id='word_1_195' title='bbox 698 3402 838 3469; x_wconf 77' lang='lat' dir='ltr'><strong>‘adventu</strong></span> <span class='ocrx_word' id='word_1_196' title='bbox 857 3417 976 3466; x_wconf 87' lang='lat' dir='ltr'><strong>erectae</strong></span> <span class='ocrx_word' id='word_1_197' title='bbox 991 3424 1073 3485; x_wconf 88' lang='lat' dir='ltr'><strong>spes.</strong></span> <span class='ocrx_word' id='word_1_198' title='bbox 1107 3404 1175 3486; x_wconf 90' lang='lat' dir='ltr'><strong>ipse</strong></span> <span class='ocrx_word' id='word_1_199' title='bbox 1190 3425 1313 3486; x_wconf 88' lang='lat' dir='ltr'><strong>pugnae</strong></span> 
     </span>
     <span class='ocr_line' id='line_1_29' title="bbox 293 3515 1314 3604; baseline 0 -23"><span class='ocrx_word' id='word_1_200' title='bbox 293 3515 404 3581; x_wconf 84' lang='lat' dir='ltr'><strong>avidus</strong></span> <span class='ocrx_word' id='word_1_201' title='bbox 428 3529 458 3580; x_wconf 91' lang='lat' dir='ltr'><strong>et</strong></span> <span class='ocrx_word' id='word_1_202' title='bbox 483 3516 720 3581; x_wconf 90' lang='lat' dir='ltr'><strong>contemnendis</strong></span> <span class='ocrx_word' id='word_1_203' title='bbox 742 3541 837 3604; x_wconf 88' lang='lat' dir='ltr'><strong>quam</strong></span> <span class='ocrx_word' id='word_1_204' title='bbox 865 3518 1011 3582; x_wconf 86' lang='lat' dir='ltr'><strong>cavendis</strong></span> <span class='ocrx_word' id='word_1_205' title='bbox 1038 3520 1180 3582; x_wconf 87' lang='lat' dir='ltr'><strong>hostibus</strong></span> <span class='ocrx_word' id='word_1_206' title='bbox 1201 3520 1314 3581; x_wconf 86' lang='lat' dir='ltr'><strong>melior</strong></span> 
     </span>
     <span class='ocr_line' id='line_1_30' title="bbox 292 3634 1311 3717; baseline -0.003 -21"><span class='ocrx_word' id='word_1_207' title='bbox 292 3634 411 3696; x_wconf 87' lang='lat' dir='ltr'><strong>ferocia</strong></span> <span class='ocrx_word' id='word_1_208' title='bbox 430 3635 599 3697; x_wconf 87' lang='lat' dir='ltr'><strong>verborum</strong></span> <span class='ocrx_word' id='word_1_209' title='bbox 620 3638 749 3698; x_wconf 90' lang='lat' dir='ltr'><strong>militem</strong></span> <span class='ocrx_word' id='word_1_210' title='bbox 770 3635 971 3713; x_wconf 86' lang='lat' dir='ltr'><strong>incendebat,</strong></span> <span class='ocrx_word' id='word_1_211' title='bbox 997 3638 1054 3697; x_wconf 90' lang='lat' dir='ltr'><strong>ubi</strong></span> <span class='ocrx_word' id='word_1_212' title='bbox 1076 3635 1214 3717; x_wconf 91' lang='lat' dir='ltr'><strong>primum</strong></span> <span class='ocrx_word' id='word_1_213' title='bbox 1236 3655 1311 3697; x_wconf 90' lang='lat' dir='ltr'><strong>con·</strong></span> 
     </span>
     <span class='ocr_line' id='line_1_31' title="bbox 292 3745 1311 3831; baseline -0.001 -23"><span class='ocrx_word' id='word_1_214' title='bbox 292 3745 380 3827; x_wconf 87' lang='lat' dir='ltr'><strong>gredi</strong></span> <span class='ocrx_word' id='word_1_215' title='bbox 407 3747 559 3824; x_wconf 83' lang='lat' dir='ltr'><strong>licuisset,</strong></span> <span class='ocrx_word' id='word_1_216' title='bbox 595 3750 712 3811; x_wconf 89' lang='lat' dir='ltr'><strong>nullam</strong></span> <span class='ocrx_word' id='word_1_217' title='bbox 741 3749 862 3831; x_wconf 88' lang='lat' dir='ltr'><strong>proelio</strong></span> <span class='ocrx_word' id='word_1_218' title='bbox 894 3770 1014 3812; x_wconf 90' lang='lat' dir='ltr'><strong>moram</strong></span> <span class='ocrx_word' id='word_1_219' title='bbox 1046 3749 1195 3810; x_wconf 82' lang='lat' dir='ltr'><strong>facturus.</strong></span> <span class='ocrx_word' id='word_1_220' title='bbox 1244 3747 1311 3808; x_wconf 91' lang='lat' dir='ltr'><strong>De·</strong></span> 
     </span>
     <span class='ocr_line' id='line_1_32' title="bbox 291 3859 1321 3941; baseline -0.002 -20"><span class='ocrx_word' id='word_1_221' title='bbox 291 3862 388 3921; x_wconf 89' lang='lat' dir='ltr'><strong>lectus</strong></span> <span class='ocrx_word' id='word_1_222' title='bbox 409 3880 467 3941; x_wconf 91' lang='lat' dir='ltr'><strong>per</strong></span> <span class='ocrx_word' id='word_1_223' title='bbox 491 3859 624 3921; x_wconf 88' lang='lat' dir='ltr'><strong>Galliam</strong></span> <span class='ocrx_word' id='word_1_224' title='bbox 646 3861 768 3924; x_wconf 87' lang='lat' dir='ltr'><strong>habitos</strong></span> <span class='ocrx_word' id='word_1_225' title='bbox 791 3863 825 3923; x_wconf 86' lang='lat' dir='ltr'><strong>iu</strong></span> <span class='ocrx_word' id='word_1_226' title='bbox 850 3862 986 3924; x_wconf 82' lang='lat' dir='ltr'><strong>civitates</strong></span> <span class='ocrx_word' id='word_1_227' title='bbox 1014 3861 1143 3924; x_wconf 88' lang='lat' dir='ltr'><strong>remittit</strong></span> <span class='ocrx_word' id='word_1_228' title='bbox 1169 3882 1204 3922; x_wconf 94' lang='lat' dir='ltr'><strong>ac</strong></span> <span class='ocrx_word' id='word_1_229' title='bbox 1226 3881 1321 3921; x_wconf 20' lang='lat' dir='ltr'><strong>nun-n</strong></span> 
     </span>
     <span class='ocr_line' id='line_1_33' title="bbox 291 3973 1311 4059; baseline -0.004 -20"><span class='ocrx_word' id='word_1_230' title='bbox 291 3978 368 4039; x_wconf 78' lang='lat' dir='ltr'><strong>tiara</strong></span> <span class='ocrx_word' id='word_1_231' title='bbox 396 3979 484 4054; x_wconf 86' lang='lat' dir='ltr'><strong>jubet</strong></span> <span class='ocrx_word' id='word_1_232' title='bbox 515 3975 658 4039; x_wconf 86' lang='lat' dir='ltr'><strong>sufficere</strong></span> <span class='ocrx_word' id='word_1_233' title='bbox 688 3976 821 4059; x_wconf 70' lang='lat' dir='ltr'><strong>impello</strong></span> <span class='ocrx_word' id='word_1_234' title='bbox 849 3974 1006 4058; x_wconf 86' lang='lat' dir='ltr'><strong>legiones:</strong></span> <span class='ocrx_word' id='word_1_235' title='bbox 1039 3975 1115 4041; x_wconf 88' lang='lat' dir='ltr'><strong>socii</strong></span> <span class='ocrx_word' id='word_1_236' title='bbox 1141 3973 1181 4038; x_wconf 87' lang='lat' dir='ltr'><strong>ad</strong></span> <span class='ocrx_word' id='word_1_237' title='bbox 1201 3976 1311 4037; x_wconf 88' lang='lat' dir='ltr'><strong>munia</strong></span> 
     </span>
    </p>
   </div>
   <div class='ocr_carea' id='block_1_5' title="bbox 0 0 1472 4625">
    <p class='ocr_par' dir='ltr' id='par_1_7' title="bbox 0 0 1472 4625">
     <span class='ocr_line' id='line_1_34' title="bbox 0 0 1472 4625; baseline 0 6"><span class='ocrx_word' id='word_1_238' title='bbox 0 0 1472 4625; x_wconf 95' lang='lat' dir='ltr'><strong> </strong></span> 
     </span>
    </p>
   </div>
  </div>
 </body>
</html>
