2934 4625
530 284 765 352 GERMANIA
1117 296 1157 359 19

222 463 259 524 lu
290 462 386 523 latere
418 457 619 523 Cauchorum
649 456 899 543 Chattorumque
930 461 1080 525 Cherusci
1110 467 1207 527 ni-ss

137 573 231 636 miam
263 597 297 637 ac
328 585 518 636 marcentem
554 573 609 636 diu
644 596 753 657 pacem
785 577 940 640 illacessiti
971 580 1158 643 nutrierunt.

137 687 236 772 quue
257 688 425 768 jucundius
454 707 550 770 quam
578 686 674 750 tutius
695 687 773 765 fuit,
803 690 877 773 quia
896 691 980 753 inter
1003 692 1158 773 impoten-

136 816 183 867 tes
207 816 237 867 et
264 802 386 867 validos
411 805 491 866 falso
517 804 675 886 quiescas3
706 805 763 866 ubi
788 826 885 867 manu
906 806 1023 886 agitur,
1051 804 1159 869 mode·

137 919 197 980 stia
226 938 261 978 ac
291 917 433 997 probitas
460 915 589 979 nomina
618 917 789 997 superioris
816 930 899 980 sunt.
939 921 986 982 Ita
1006 918 1063 1002 qui
1084 920 1160 982 olim

138 1032 217 1094 boni
243 1034 398 1114 aequique
425 1030 591 1113 Cherusci,
624 1055 710 1095 nunc
736 1036 854 1097 inertes
880 1057 915 1098 ac
936 1038 1025 1098 stulti
1043 1057 1158 1099 vocan-

136 1156 199 1208 tur.
259 1144 377 1207 Chattis
410 1144 583 1208 victoribus
613 1147 743 1209 fortuna
775 1149 809 1209 in
842 1147 1024 1230 sapientiam
1060 1153 1160 1213 cessit.

136 1262 242 1324 Tracti
268 1261 363 1323 ruina
391 1259 623 1323 Cheruscorum
655 1274 685 1323 et
715 1261 812 1341 Fosi,
844 1264 1036 1325 contermina
1065 1286 1157 1343 gens:

135 1374 336 1438 adversarum
355 1395 462 1435 rerum
483 1394 522 1435 ex
544 1394 645 1458 aequo
667 1374 744 1437 socii
763 1387 846 1455 sunt,
870 1398 967 1459 quum
991 1376 1026 1438 in
1046 1397 1157 1439 secun·

135 1487 183 1551 dis
205 1489 343 1552 minores
366 1489 508 1573 fuissent.

218 1603 366 1665 Eundem
386 1600 573 1664 Germaniae
603 1602 706 1661 sinum
735 1601 875 1681 proximi
896 1623 1014 1666 oceano
1037 1603 1204 1666 ctnsbrisr

135 1726 253 1792 tenent,
274 1737 373 1795 parva
394 1734 479 1774 nunc
502 1711 618 1789 ciuitas,
645 1710 700 1774 sed
720 1713 820 1792 gloria
841 1714 959 1793 ingens,
981 1715 1157 1796 veterisque

134 1826 237 1890 famae
262 1829 326 1888 lata
347 1825 475 1906 vestigia
496 1836 625 1887 nranent
655 1837 788 1908 utraque
809 1827 879 1908 ripa
903 1839 1005 1891 castra
1028 1850 1063 1890 ac
1088 1849 1158 1908 spa—

134 1940 188 2018 tia,
211 1960 347 2023 quorum
379 1941 497 2003 ambitu
529 1961 613 2002 nnnc
644 1961 771 2024 quoque
796 1943 934 2005 metiaris
954 1944 1070 2005 molem
1092 1964 1159 2005 ma·

136 2075 261 2138 nusque
289 2054 388 2136 gentis
418 2067 449 2117 et
476 2066 540 2115 tam
567 2055 672 2134 magni
693 2057 794 2117 exitus
817 2056 922 2118 finem.
965 2054 1158 2118 Sexcentesi-

133 2191 221 2232 mum
256 2183 287 2232 et
325 2166 597 2253 quadragesimum
632 2190 751 2232 annum
787 2173 863 2234 urbs
897 2183 1004 2234 nostra
1038 2173 1157 2250 agebat,

134 2304 233 2370 quum
256 2284 402 2367 'primum
432 2282 634 2346 Cimbrorum
662 2284 769 2346 audita
798 2297 872 2346 sunt
902 2304 989 2347 arma
1020 2281 1156 2348 Caecilio

131 2402 263 2464 Metello
293 2422 328 2463 ac
356 2398 484 2480 Papirio
513 2399 659 2461 Carbone
689 2398 887 2478 consulibus3
918 2419 958 2460 ex
980 2419 1044 2479 quo
1067 2398 1094 2459 si
1115 2395 1154 2457 ad

133 2514 267 2574 alterum
299 2509 499 2591 imperatoris
532 2510 660 2585 Traiani
694 2513 892 2571 consulatum
930 2523 1155 2589 computemus,
1235 2494 1237 2497 ⁵

132 2624 260 2687 ducenti
279 2624 377 2685 ferme
401 2633 431 2682 et
454 2620 560 2683 decem
582 2621 658 2682 anni
678 2622 875 2701 colliguntur.
919 2619 1052 2683 Tamdiu
1075 2622 1155 2683 Ger·

131 2738 236 2801 mania
258 2736 404 2802 vincitur.
454 2736 642 2799 mediatam
664 2738 749 2817 longi
770 2738 841 2801 aevi
861 2738 963 2817 spatio
985 2737 1083 2797 multa
1106 2739 1155 2797 in·

131 2853 230 2915 vicem
254 2848 377 2911 damna.
417 2848 493 2912 Non
514 2846 648 2928 Samnis,
670 2870 737 2911 nou
759 2851 868 2928 Poeni,
896 2870 961 2912 non
983 2851 1153 2932 Hispaniae

131 2967 300 3042 Galliaeve,
324 2985 365 3025 ne
384 2965 492 3027 Parthi
515 2963 641 3047 quidem
660 2966 784 3046 saepius
804 2963 1014 3027 admonuere:
1037 2966 1155 3047 quippe

129 3099 227 3159 regno
257 3078 381 3141 Arsacis
410 3077 513 3142 acrior
543 3089 589 3139 est
620 3076 851 3140 Germanorum
880 3078 1020 3140 libertas.
1068 3074 1154 3153 Quid

130 3194 214 3256 enim
236 3191 323 3256 aliud
343 3192 435 3255 nobis
457 3212 551 3274 quam
581 3190 705 3254 caedem
736 3191 857 3272 Crassi,
885 3194 998 3256 amisso
1027 3205 1058 3255 et
1084 3193 1153 3274 ipse

129 3309 267 3384 Pacoro,
292 3307 375 3369 infra
395 3303 580 3368 Ventidium
603 3302 739 3383 dejectus
759 3302 874 3370 Oriens
895 3303 1069 3385 objecerit?
1111 3311 1152 3370 At

131 3423 281 3485 Germani
301 3421 446 3485 Carbone
469 3433 500 3484 et
522 3420 629 3485 Cassio
651 3434 683 3483 et
700 3419 820 3485 Scauro
841 3423 970 3486 Aurelio
995 3433 1026 3485 et
1047 3422 1152 3487 Serui-

131 3536 174 3597 lio
205 3533 379 3615 Caepione,
407 3535 517 3597 Marco
546 3554 674 3617 quoque
702 3536 825 3598 Manlio
855 3535 934 3597 fusis
962 3538 1016 3599 vel
1045 3538 1152 3618 captis,

132 3651 273 3735 quinque
294 3650 387 3711 simut
408 3650 586 3714 consulares
601 3653 756 3714 exercitus
777 3652 899 3732 populo
920 3670 1064 3729 romano,
1085 3651 1152 3714 Va·

130 3786 202 3828 rum
226 3775 353 3847 tresque
375 3783 446 3825 cum
468 3783 505 3826 eo
526 3764 664 3843 legiones
690 3764 784 3825 etiam
804 3763 921 3826 caesari
946 3763 1152 3825 abstulerunt.

131 3875 198 3938 Nee
230 3878 359 3960 impune
389 3874 484 3952 Caius
510 3875 632 3938 Marius
661 3876 696 3936 in
725 3876 831 3952 Italia',
869 3876 960 3940 divus
989 3874 1089 3937 Julius
1116 3875 1150 3935 in

132 3990 251 4070 Gallia,
278 3992 403 4054 Drusus
431 4013 467 4053 ac
488 3990 574 4054 Nero
600 4003 630 4053 et
649 3989 855 4054 Germanicus
879 3992 913 4052 in
941 3995 1004 4054 suis
1027 4011 1081 4052 eos
1103 4011 1152 4052 se·

846 4106 893 4164 2*
