2934 4625
271 214 313 277 ‘24
660 215 892 299 GERMANIA

274 389 450 463 alluuntur,
487 386 600 470 quibus
633 388 711 450 ritus
741 391 929 474 habitusque
958 390 1152 475 Suevurum,
1185 393 1294 476 lingua

274 500 483 590 britannicae
498 500 640 581 propior.
696 508 832 570 Matrem
865 507 958 570 deum
991 520 1193 572 venerantur.
1242 510 1294 571 in-

275 622 360 703 signe
382 624 610 705 superstitionis
632 624 750 687 iormas
775 644 925 705 aprorum
945 636 1082 704 gestant:
1103 622 1137 685 id
1158 643 1217 704 pro
1240 644 1291 684 ar·

276 736 334 799 mis
367 738 569 824 omniumque
601 741 699 802 tutela
729 761 875 802 securum
905 737 981 801 deae
1014 741 1167 802 cultorem
1198 739 1293 799 etiam

275 850 357 911 inter
386 851 491 913 hostes
523 863 669 933 praestat.
724 853 826 915 Rarus
856 854 951 932 ferri,
983 854 1132 935 frequens
1164 852 1295 915 fustium

276 985 361 1027 usus.
418 966 589 1029 Frumento
622 980 805 1053 ceterosque
840 971 960 1032 fructus
996 968 1163 1052 patientius
1198 988 1294 1050 quam

275 1100 343 1165 pro
367 1082 458 1143 solita
484 1081 716 1147 Germanorum
744 1085 856 1148 inertia
876 1087 1032 1147 laborant.
1081 1081 1137 1146 sed
1159 1094 1189 1145 et
1209 1102 1296 1143 mare

277 1210 463 1276 scrutantur,
491 1221 526 1261 ac
549 1202 608 1270 soli
629 1202 769 1265 omnium
791 1203 960 1277 succinum,
989 1197 1075 1283 quod
1097 1199 1157 1280 ipsi
1177 1200 1297 1279 glesum

278 1327 407 1393 vocant,
441 1315 525 1377 inter
554 1313 635 1381 vada
662 1329 756 1399 atque
785 1318 819 1378 in
847 1318 916 1397 ipso
944 1316 1036 1377 litore
1067 1314 1186 1393 legunt.
1238 1332 1296 1373 nec

278 1447 358 1509 quae
387 1439 499 1490 natura
522 1451 641 1512 quaeve
667 1430 747 1492 ratio
776 1430 896 1510 gignat,
928 1442 962 1491 ut
983 1428 1144 1505 barbaris,
1174 1426 1299 1511 quaesi-

277 1553 344 1604 tum
370 1555 611 1625 compertumve.
656 1544 718 1607 dtu
732 1547 810 1628 quin
835 1547 926 1626 etiam
949 1545 1031 1606 inter
1058 1557 1160 1608 cetera
1187 1547 1299 1620 ejecta·

277 1670 381 1719 menta
400 1659 494 1721 maris
514 1662 644 1740 jacebat,
667 1660 767 1724 donec
788 1663 915 1724 luxuria
936 1673 1045 1724 nostra
1066 1658 1152 1723 dedit
1171 1680 1298 1724 nomen.

279 1888 420 1972 tiumque
450 1891 598 1953 mirantes
628 1892 793 1974 accipiunt.
846 1891 982 1954 Succum
1014 1903 1118 1954 tamen
1149 1889 1300 1951 arborum

281 2024 346 2065 csse
369 2004 531 2084 intelligas,
556 2007 631 2086 quia
651 2019 776 2067 terrena
799 2004 951 2088 quaedam
975 2017 1069 2086 atque
1093 2002 1187 2065 etiam
1208 2003 1300 2065 volu·

278 1770 353 1853 ipsis
375 1773 410 1834 in
431 1775 519 1837 nullo
541 1797 620 1838 usu:
641 1774 720 1837 rude
741 1776 863 1856 legitur,
883 1777 1019 1838 informe
1037 1774 1206 1855 perfertur,
1226 1794 1300 1853 pre·

281 2114 345 2175 erla
368 2114 514 2176 animalia
535 2117 720 2198 plerumque
743 2118 945 2193 interlucent,
969 2138 1050 2200 quac
1067 2116 1224 2198 implicata
1240 2117 1300 2177 hu·

283 2252 370 2293 more
399 2252 475 2294 mox
503 2230 686 2293 durescente
718 2231 849 2293 materia
877 2230 1056 2294 cluduntur.
1104 2227 1302 2291 Fecundiora

282 2347 376 2427 igitur
396 2368 526 2412 nemora
546 2350 707 2431 lucosque,
734 2349 813 2412 sicut
834 2345 973 2412 Orientis
995 2348 1130 2425 secretis,
1152 2348 1209 2410 ubi
1229 2359 1301 2410 tura

283 2463 482 2546 balsamaque
504 2460 667 2544 sudantur,
688 2463 733 2525 ita
755 2461 930 2528 Occidentis
951 2463 1061 2526 insulis
1078 2462 1231 2545 terrisque
1251 2462 1302 2524 in·

283 2599 349 2641 esse
372 2577 572 2657 crediderim,
601 2599 681 2662 quae
702 2578 797 2640 vicini
819 2577 893 2640 solis
917 2576 1013 2639 radiis
1036 2597 1185 2657 expressa
1209 2587 1301 2657 atque

282 2691 435 2774 liquentia
455 2694 490 2754 in
511 2691 693 2772 proximum
717 2713 803 2753 mare
824 2692 990 2768 labuntur,
1024 2711 1059 2752 ac
1083 2689 1116 2753 vi
1136 2700 1302 2770 tempesta·

284 2817 348 2866 tum
379 2804 412 2864 in
443 2805 573 2867 adversa
602 2805 695 2868 litora
725 2803 896 2866 exundant.
947 2802 982 2865 Si
1010 2816 1156 2866 naturam
1185 2803 1304 2866 succini

285 2919 410 2982 admoto
431 2920 502 3000 igne
525 2931 633 2997 tentes,
657 2919 690 2979 in
711 2915 840 2981 modum
859 2914 967 2979 taedae
986 2916 1166 2978 accenditur
1186 2915 1303 2997 alitque

285 3032 441 3096 flammam
464 3035 612 3113 pinguem
642 3045 673 3094 et
702 3034 857 3110 olentem3
889 3053 965 3094 mox
993 3044 1026 3092 ut
1047 3033 1081 3091 in
1102 3030 1205 3111 picem
1224 3028 1303 3089 resi-

286 3167 398 3209 namve
421 3147 570 3207 lentescit.
612 3142 784 3205 Suionibus
813 3143 958 3204 Sitonum
986 3154 1092 3221 gentes
1116 3140 1304 3203 continuan-

285 3277 347 3325 tur.
389 3272 492 3322 cetera
513 3260 644 3336 similes,
674 3279 738 3321 uno
761 3258 925 3335 differunt,
955 3257 1041 3339 quod
1062 3257 1178 3319 femina
1202 3256 1303 3323 domi·

286 3390 397 3440 natur:
428 3376 462 3439 in
491 3389 611 3439 tantum
639 3397 702 3438 non
731 3374 827 3439 modo
853 3397 871 3436 a
898 3375 1057 3452 libertate,
1087 3372 1259 3437 sedetiam
1284 3397 1303 3437 a

285 3491 433 3556 servitute
456 3490 653 3573 degenerant.
696 3491 756 3554 Hic
779 3489 911 3554 Sueviae
932 3490 1013 3552 finis.

237 3614 271 3668 46
371 3606 580 3671 Peucinorum
606 3607 864 3689 Venetorumque
894 3617 925 3666 et
952 3603 1135 3665 Fennorum
1163 3600 1302 3665 nationes

287 3721 450 3784 Germanis
485 3742 526 3782 an
561 3719 710 3782 Sarmatis
745 3718 918 3781 adscribam
957 3717 1084 3795 dubito,
1123 3737 1303 3800 quanquam

286 3835 424 3914 Peucini,
446 3857 525 3919 quos
549 3835 676 3919 quidam
697 3837 864 3899 Bastarnas
885 3847 1009 3910 vocant,
1032 3854 1186 3906 sermone,
1208 3834 1302 3907 cultu,

286 3947 358 4011 sede
382 3972 416 4010 ac
445 3948 607 4012 domiciliis
635 3962 667 4012 ut
698 3950 846 4012 Germani
872 3960 977 4030 agunt.
1026 3948 1141 4012 Sordes
1163 3948 1302 4013 omnium
