2934 4625
479 246 542 316 ΒΧ
565 245 820 316 sttttlhtsstts
1114 247 1158 316 di

134 422 273 489 CITUM
286 421 443 487 TIBERll
459 417 658 514 CAESARIS
674 417 731 482 EA
742 416 1006 484 MONIMENTA
1020 418 1158 483 MARTI

132 539 189 601 ET
213 536 308 604 JOVI
335 537 391 599 ET
418 533 621 601 AUGUSTO
649 532 915 600 SACRAVISSE.
963 533 1002 598 de
1024 555 1058 597 se
1079 536 1160 599 nihil

134 651 263 729 addidit,
283 663 369 713 metu
392 648 541 727 invidiae,
563 670 605 710 an
624 660 711 711 ratus
734 650 955 713 conscientiam
974 649 1064 712 factis
1084 651 1159 714 satis

133 786 210 829 esse.
256 767 337 828 Mox
358 767 476 828 bellum
498 764 532 825 in
554 764 758 846 Angrivarios
780 764 929 831 Stertinio
949 764 1095 843 mandat,
1124 766 1159 827 ni

133 878 324 945 deditionem
343 880 606 962 properavissent.
649 891 744 963 atque
762 880 810 942 illi
828 881 983 963 supplices
1006 878 1084 942 nihil
1097 881 1157 970 pb·

133 993 261 1055 nuendo
282 994 406 1056 veniam
427 993 567 1056 omnium
591 1013 750 1074 accepere.

218 1105 281 1170 Sed
302 1118 417 1170 aestate
442 1110 507 1185 jam
535 1106 642 1169 adulta
663 1108 822 1189 legionum
847 1108 926 1171 aliae
953 1101 1066 1170 itinere
1094 1118 1157 1169 ter·
1170 1123 1241 1186 22³

131 1219 226 1282 restri
244 1220 278 1281 in
300 1220 506 1286 hibernacula
526 1221 693 1299 remissae,
723 1222 832 1303 plures
862 1241 969 1283 caesar
985 1220 1079 1283 classi
1098 1221 1157 1283 im·

131 1339 248 1419 positas
268 1358 327 1420 per
347 1338 465 1401 flumen
493 1339 640 1401 Amisiam
666 1359 786 1402 oceano
809 1339 941 1402 inuexit.
981 1337 1155 1420 deprimo

131 1451 291 1534 placidum
316 1472 437 1535 aequor
457 1452 543 1514 mille
565 1451 696 1517 navium
720 1451 816 1513 remis
842 1464 983 1534 strepere
1004 1463 1060 1513 aut
1078 1453 1155 1515 velis

130 1567 270 1647 impelli:
299 1563 376 1627 inox
402 1578 472 1626 atro
501 1567 635 1626 nubium
656 1567 750 1643 globo
772 1565 872 1627 effusa
896 1565 1035 1645 grando,
1063 1565 1157 1630 simul

131 1680 227 1743 variis
252 1677 394 1759 undique
421 1676 568 1757 procellis
597 1674 710 1737 incerti
732 1674 845 1738 fluctus
865 1688 1066 1758 prospectum
1090 1675 1157 1738 adi·

131 1815 227 1871 mere,
247 1795 386 1873 regimen
402 1789 565 1872 impedire,
586 1790 738 1873 milesque
754 1788 889 1871 pavidus
901 1802 931 1853 et
944 1810 1072 1854 casuum
1089 1810 1156 1851 ma·

131 1907 176 1969 ris
201 1907 344 1987 ignarus,
377 1905 452 1968 dum
479 1908 586 1969 turbat
614 1918 725 1969 nautas
753 1907 805 1971 vel
824 1904 1042 1987 intempestive
1061 1909 1157 1984 juvat,

133 2018 236 2082 officia
258 2018 461 2100 prudentium
483 2021 716 2101 corrumpebat.
760 2016 863 2084 Omne
892 2017 1004 2081 dehinc
1032 2020 1156 2082 coelum

132 2144 162 2194 et
183 2152 270 2193 mare
291 2150 386 2193 omne
404 2130 440 2191 in
461 2144 602 2193 austrum
624 2132 724 2209 cessit,
747 2131 803 2214 qui
823 2131 951 2195 tumidis
968 2132 1156 2195 Germaniae

60 2255 64 2258 “
131 2250 240 2328 terris,
266 2246 432 2331 profundis
454 2250 599 2311 amnibus
619 2245 775 2309 immenso
797 2248 931 2313 nubium
952 2259 1055 2313 tractu
1074 2250 1156 2314 vali·

130 2363 189 2426 dus
221 2376 251 2426 et
278 2363 383 2442 rigore
407 2362 503 2426 vicini
525 2360 747 2441 septentrionis
770 2360 932 2423 horridior
959 2363 1065 2443 rapuit
1093 2361 1157 2424 dis·

129 2477 263 2558 jecitque
293 2493 389 2537 naves
416 2474 452 2533 in
480 2485 588 2554 aperta
619 2473 730 2533 oceani
753 2482 817 2537 ‘aut
843 2476 962 2536 instdas
990 2478 1073 2539 saxis
1100 2480 1156 2540 ab·

130 2591 232 2671 ruptis
259 2591 312 2653 vel
338 2607 399 2669 per
429 2587 550 2650 occulta
578 2583 659 2648 vada
682 2585 830 2661 [infestas.
882 2589 998 2670 quihus
1025 2590 1157 2668 paulum

130 2724 284 2786 aegreque
303 2700 407 2766 vitatis
424 2711 592 2782 postquam
609 2699 750 2760 mutabat
771 2712 873 2762 aestus
895 2697 1068 2782 eodemque
1091 2721 1156 2784 quo

129 2830 242 2881 ventus
268 2817 407 2892 ferebat,
439 2835 505 2876 non
532 2813 704 2877 adhaerere
730 2816 871 2893 ancoris,
898 2836 964 2879 non
987 2815 1155 2878 exhaurire

128 2933 340 3013 irrumpentes
367 2926 469 2990 undas
497 2941 662 3010 poterantt
695 2927 787 3010 equi,
818 2933 974 3007 jumenta,
1006 2930 1155 3009 sarcinae,

129 3047 222 3108 etiam
244 3065 331 3106 arma
352 3041 607 3123 praecipitantur,
629 3060 695 3122 quo
717 3040 900 3105 levarentur
922 3042 1004 3106 alvei
1024 3061 1156 3105 manan-

128 3170 174 3220 tes
195 3178 254 3240 per
274 3159 372 3219 latera
393 3160 423 3219 et
443 3155 540 3219 fluctu
562 3169 801 3238 superungente.

213 3272 340 3350 Quanto
361 3272 531 3336 violentior
553 3285 657 3334 cetero
678 3270 759 3333 mari
782 3290 919 3333 oceanus
942 3281 973 3331 et
995 3271 1239 3349 truculen·s‚nt

127 3385 173 3446 tia
195 3385 275 3446 coeli
295 3398 431 3466 praestat
453 3383 641 3461 Germania,
671 3394 794 3444 tantum
816 3384 870 3445 illa
891 3381 994 3445 clades
1016 3382 1154 3447 novitate

129 3509 160 3558 et
185 3495 396 3575 magnitudine
426 3498 572 3575 excessit,
602 3496 769 3560 hostilibus
796 3497 913 3559 circum
932 3497 1077 3560 litoribus
1100 3511 1154 3561 aut

127 3614 173 3675 ita
194 3622 284 3675 vasto
306 3620 336 3670 et
356 3609 534 3689 profundo,
568 3623 604 3673 ut
628 3608 775 3673 credatur
801 3609 1007 3672 novissimum
1028 3618 1072 3673 ac'
1085 3611 1152 3675 sine

128 3728 220 3788 terris
248 3744 344 3786 mare.
386 3723 463 3783 Pars
494 3721 622 3784 nedum
654 3723 783 3784 haustae
813 3736 902 3800 sunt,
931 3725 1039 3804 plures
1068 3723 1153 3806 apud

126 3837 245 3900 insulas
274 3838 398 3918 longius
426 3838 500 3897 sitas
529 3841 659 3915 ejectae,
683 3838 834 3924 milesque
858 3839 947 3900 nullo
967 3838 1030 3899 illic
1051 3840 1152 3900 homi·

127 3973 205 4023 num
227 3956 311 4015 cultu
335 3953 417 4015 fasne
430 3952 634 4034 absumptus,
655 3952 717 4015 nisi
739 3973 819 4036 quos
842 3972 976 4037 corpora
997 3969 1151 4034 equorum
