2934 4625
274 211 337 278 120
619 210 683 280 EX
703 210 938 281 HISTORIIS

272 417 488 477 rhenanorum
516 412 577 479 lide
605 414 689 477 inter
716 417 852 480 Batavos
882 407 1009 501 quoque
1037 423 1198 486 sermones
1224 415 1295 479 orti.

273 552 338 594 non
360 527 589 612 prorogandam
612 533 694 595 ultra
716 532 861 610 retinam,
890 553 947 595 nec
973 551 1065 613 possa
1090 532 1137 594 ‚ab‘
1155 552 1219 593 una
1240 550 1296 590 na-

272 643 358 706 tione
390 644 486 707 totius
517 647 603 708 orbis
639 644 804 708 servitium
832 641 959 728 depelli.
1013 644 1088 729 quid
1120 644 1296 726 profectum

272 754 366 818 caede
387 772 419 820 et
438 757 590 821 incendiis
611 758 855 838 legionum‘nisi
879 771 915 821 ut
935 761 1044 842 plures
1065 756 1294 839 validioresque

273 869 469 936 accusatur?
497 873 524 937 si
543 874 742 956 Vespasiano
762 876 881 938 bellum
904 873 1107 951 canuerint,
1127 871 1294 954 Vespasia·

272 1004 350 1046 num
368 983 476 1048 rerum
493 987 608 1069 potiri:
630 988 680 1049 sin
701 989 857 1070 populum
872 1009 1038 1052 romanum
1058 987 1152 1051 armis
1172 997 1294 1061 vocent,

272 1113 400 1182 quotam
422 1114 542 1183 partem
563 1102 687 1182 generis
708 1103 840 1165 humani
863 1103 999 1165 Batavos
1029 1097 1119 1164 esse?
1159 1100 1294 1180 respice·

269 1227 342 1277 rent
353 1213 468 1280 Raetos
480 1216 679 1299 Noricosque
694 1229 724 1280 et
739 1230 913 1279 ceterorum
926 1236 1025 1280 onera
1041 1213 1214 1279 sociorumt
1234 1211 1294 1274 sibi

271 1346 336 1392 non
358 1330 475 1391 tributa
496 1326 552 1391 sed
576 1328 725 1392 virtutem
748 1342 779 1391 et
803 1330 888 1393 viros
909 1328 1015 1393 indici.
1058 1329 1239 1412 proximmn
1260 1324 1293 1387 id

269 1440 427 1504 libertatis
460 1440 537 1503 etsi
558 1439 762 1504 dominorum
783 1443 892 1507 electio
916 1443 973 1521 sit,
994 1442 1157 1506 honestius
1176 1440 1294 1522 princi-

270 1572 328 1634 pes
343 1551 584 1616 'Romanorum
601 1572 697 1636 qtram
728 1547 961 1617 Germanorum
990 1555 1123 1619 feminas
1153 1553 1293 1618 tolerari.

270 1669 356 1731 Haec
373 1668 494 1747 vulgus.
535 1670 706 1731 Proceres:
728 1668 883 1731 atrociora
903 1666 1012 1734 Civilis
1031 1670 1121 1731 rabie
1143 1679 1240 1730 semet
1258 1667 1292 1728 in

270 1805 357 1848 arma
371 1796 486 1848 trusos.
505 1781 595 1845 illum
612 1781 790 1846 domesticis
804 1784 894 1846 malis
909 1781 1065 1846 excidium
1077 1781 1175 1864 gentis
1190 1800 1292 1864 oppo-

268 1899 379 1962 suisse.
419 1911 495 1963 tunc
517 1898 659 1962 infensos
681 1899 809 1964 Batauis
831 1896 924 1978 deos,
951 1920 1050 1984 quum
1072 1895 1293 1962 obsiderentur

268 2015 422 2093 legiones,
446 2012 696 2075 interficerentur
716 2014 828 2093 legati,
852 2016 971 2076 bellum
993 2012 1050 2075 uni
1072 2010 1291 2084 necessarium,

269 2128 366 2190 ferale
381 2127 457 2208 ipsis
476 2138 663 2187 sumeretur.
690 2138 821 2189 ventum
836 2126 875 2188 ad
894 2140 1041 2199 extrema,
1059 2127 1093 2187 ni
1108 2125 1291 2205 resipiscere

270 2239 421 2322 incipiant
442 2251 472 2301 et
498 2237 587 2301 noxii
609 2236 717 2320 capitis
740 2258 845 2322 poena
870 2238 1097 2322 poenitentiam
1122 2240 1290 2321 fateantur.

185 2382 256 2444 5‚2o
353 2358 429 2422 Non
449 2357 560 2419 fefellit
578 2355 710 2418 Civilem
732 2377 769 2418 aa
788 2355 949 2419 inclinatio
971 2368 1002 2419 et
1021 2356 1206 2438 praevenire
1227 2367 1290 2440 sta·

270 2476 328 2541 tuit
350 2494 445 2558 super
466 2470 602 2537 taedium
624 2473 781 2534 malorum
803 2472 897 2534 etiam
917 2492 973 2554 spe
992 2473 1091 2550 vitae,
1120 2491 1200 2555 quae
1221 2471 1289 2552 ple·

269 2610 404 2674 rumque
426 2607 554 2667 magnos
571 2586 691 2648 animos
712 2572 863 2666 infringit.
904 2586 1006 2649 Petito
1028 2588 1185 2669 colloquio
1207 2587 1289 2647 scin-

270 2708 355 2769 ditur
372 2690 524 2766 Nabaliae
545 2699 683 2762 fluminis
701 2720 792 2781 pons,
813 2699 846 2761 in
869 2702 957 2778 cujus
979 2702 1112 2781 abrupta
1131 2700 1288 2781 progressi

269 2822 383 2898 duces,
417 2830 448 2880 et
475 2814 584 2878 Civilis
608 2815 652 2876 ita
680 2813 794 2896 coepit.
836 2813 873 2876 ‘si
900 2811 984 2896 apud
1005 2804 1126 2875 vitellii
1152 2815 1288 2893 legatum

268 2936 473 3015 defenderer,
504 2947 607 3017 neque
635 2931 717 2994 facto
746 2950 817 2994 meo
846 2930 941 2994 venia
966 2948 1069 3012 neque
1096 2928 1184 2992 dictis
1210 2927 1286 2991 fides

269 3056 451 3116 debebatur.
494 3062 604 3111 cuncta
628 3047 712 3109 inter
737 3066 797 3109 nos
818 3044 962 3122 inimica,
992 3046 1135 3122 hostilia,
1169 3042 1286 3105 abillo

270 3178 399 3246 coepta,
432 3182 450 3221 a
483 3180 533 3220 me
563 3167 658 3251 aucta
682 3168 794 3218 erant.
834 3174 906 3235 erga
936 3157 1166 3237 Vespasianum
1197 3169 1287 3220 vetus

269 3281 346 3344 mihi
366 3258 581 3351 obseruantia,
603 3285 633 3335 et
653 3292 752 3355 quum
774 3268 915 3351 privatus
938 3258 1018 3332 esset
1040 3270 1131 3332 amici
1150 3273 1287 3335 saraba.

268 3417 351 3457 mur.
391 3394 452 3456 hoc
473 3389 578 3451 Primo
596 3384 736 3446 Antonio
755 3393 874 3460 notum,
896 3385 983 3460 cujus
1003 3374 1141 3464 epistolis
1161 3382 1200 3446 ad
1218 3385 1287 3445 bel·

267 3510 333 3570 lum
355 3508 469 3570 accitus
492 3524 578 3580 sum,
608 3521 648 3561 ne
675 3499 869 3579 germanicae
894 3500 1033 3579 legiones
1056 3514 1086 3562 et
1105 3500 1214 3580 gallica
1234 3504 1285 3578 ju-

268 3636 379 3687 ventus
402 3623 486 3701 alpes
510 3613 789 3680 transscenderent.
839 3635 920 3697 quae
949 3614 1106 3677 Antonius
1137 3615 1284 3695 epistolis,

268 3736 470 3802 Hordeonius
491 3733 621 3797 Flaccus
642 3750 790 3812 praesens
812 3731 969 3808 monebat,
990 3750 1077 3792 arma
1098 3728 1132 3789 in
1153 3728 1284 3790 Germa·

268 3854 321 3916 nia
345 3850 438 3926 morl,
462 3868 542 3931 quae
566 3845 732 3906 Mucianus
754 3844 788 3904 in
811 3841 912 3925 Syria,
935 3841 1081 3927 Aponius
1106 3842 1141 3904 itt
1159 3843 1281 3906 Moesia

268 3968 435 4032 Flavianus
460 3964 491 4025 in
515 3959 686 4022 Pannonia'
701 4000 866 4021 ......
