2934 4625
492 286 555 355 EX
579 285 833 356 ANNALlBUS
1134 287 1177 353 39

238 470 335 550 Igitur
363 470 425 532 huc
459 464 603 528 intendit.
658 464 759 527 missis
789 463 829 527 ad
860 486 969 528 censius
1002 466 1174 529 Galliarum
1191 482 1243 545 sps

152 588 266 649 Publio
287 585 417 649 Vitellio
442 595 473 645 et
494 581 571 661 Gajo
591 581 697 660 Antio,
721 580 816 643 Silius
838 594 869 643 et
890 582 1021 660 Antejus
1042 595 1074 644 et
1096 581 1174 645 Gae-

153 700 223 761 cina
244 696 444 761 fabricandae
466 696 557 759 classi
578 707 829 776 praeponuntur.
871 697 954 757 mille
985 717 1080 761 naves
1109 699 1175 758 suf·

152 812 245 873 licere
267 813 352 875 visae
380 823 647 894 properataeque,
679 811 758 871 aliae
786 813 899 873 breves
926 824 1054 891 angusta
1076 813 1177 893 puppi

151 946 312 1008 proraque
340 938 371 987 et
396 928 462 986 lato
488 936 600 1000 utero,
629 943 693 1007 quo
716 922 837 986 facilius
861 922 974 986 fluctus
995 927 1176 1002 tolerarent,

154 1035 309 1120 quaedam
329 1041 442 1118 planae
466 1037 597 1113 carinis,
627 1046 664 1096 ut
685 1035 753 1097 sine
775 1056 861 1098 noxa
884 1034 1038 1112 siderent,
1070 1039 1176 1117 plures

154 1151 304 1231 appositis
337 1151 485 1234 utrinque
520 1150 759 1231 gubernaculis,
798 1170 949 1213 converso
982 1164 1018 1212 ut
1048 1164 1177 1232 repente

152 1264 283 1343 remigio
302 1263 374 1325 hinc
390 1266 441 1328 vei
459 1264 546 1327 illinc
564 1265 774 1346 appellerent,
795 1265 912 1326 multae
932 1264 1082 1344 pontibus
1098 1277 1177 1326 stra-

151 1389 210 1460 tae,
231 1400 327 1461 super
347 1400 426 1463 quas
444 1393 600 1442 tormenta
621 1380 820 1456 veherentur,
843 1381 936 1441 simul
957 1390 1048 1459 aptae
1071 1379 1176 1441 seren-

152 1492 200 1557 dis
222 1496 311 1576 equis
332 1507 386 1558 aut
407 1496 610 1557 commeatui:
641 1492 719 1557 velis
740 1493 877 1569 habiles,
900 1489 985 1552 citae
1005 1492 1099 1553 remis
1120 1512 1176 1552 au-

151 1609 305 1686 gebantur
326 1608 483 1669 alacritate
503 1607 636 1667 militum
658 1608 692 1664 in
711 1607 846 1686 speciem
865 1625 900 1665 ac
919 1589 1080 1665 terrorem.
1123 1605 1176 1664 In-

151 1720 221 1779 sula
243 1720 454 1792 Batavorum,
475 1718 627 1798 inquam
650 1717 855 1779 convenirent
875 1714 1043 1796 praedicta,
1064 1717 1107 1777 ob
1129 1717 1176 1775 fa-

150 1829 226 1892 ciles
255 1830 406 1912 appulsus
435 1827 684 1912 accipiendisque
714 1827 812 1908 copiis
842 1840 873 1890 et
903 1826 1176 1922 transmittendum

153 1941 194 2006 ad
218 1946 337 2006 bellum
365 1956 555 2027 opportuna.
595 1944 679 2008 Nam
706 1942 839 2006 Rhenus
866 1965 931 2006 uno
960 1946 1049 2007 alveo
1076 1945 1176 2007 conti·

150 2078 234 2121 nuua
252 2071 307 2122 aut
325 2056 462 2122 modicas
480 2061 599 2121 insulas
616 2060 862 2122 circumveniens
881 2058 967 2141 apud
983 2060 1174 2142 principium

150 2174 217 2253 agri
244 2174 352 2237 batavi
378 2174 465 2237 velut
492 2173 526 2235 in
559 2174 640 2237 duos
670 2196 777 2237 amnes
808 2173 976 2253 dividitur,
1007 2188 1174 2260 servatque

126 2314 129 2319 ¹
151 2309 267 2353 nomen
288 2301 319 2353 et
341 2289 524 2354 violentiam
545 2313 672 2368 cursus,
700 2310 764 2372 qua
787 2289 988 2352 Germaniam
1009 2290 1174 2370 praevehi·
1267 2277 1275 2293 ⁶

149 2416 220 2483 tur,
249 2403 350 2468 donec
376 2427 493 2469 oceano
515 2408 697 2483 misceatur,
727 2405 768 2465 ad
792 2409 932 2483 gallicam
957 2407 1059 2486 ripam
1081 2406 1174 2469 latior

150 2530 181 2579 et
201 2515 356 2598 placidior
378 2515 522 2579 affluens.
564 2538 656 2581 verso
677 2528 886 2595 cognomento
908 2519 1061 2580 Vahalem
1084 2541 1172 2583 acco·

149 2635 198 2695 lae
220 2630 344 2696 dicunt:
366 2652 442 2695 mox
462 2631 495 2693 id
518 2652 647 2715 quoque
669 2632 859 2694 vocabulum
879 2643 979 2693 mutat
1000 2633 1091 2695 Mosa
1112 2634 1173 2694 flu-

145 2749 248 2824 mine,
277 2753 406 2830 ejusque
427 2748 579 2810 immenso
606 2768 660 2809 ore
683 2743 817 2808 eundem
837 2748 873 2808 in
896 2767 1048 2809 oceanum
1070 2747 1171 2810 effun-

148 2862 243 2925 ditur.
349 2862 351 2867 ’

235 2973 296 3038 Sed
319 2995 442 3053 caesar,
469 2973 545 3037 dum
568 2973 738 3055 adiguntur
760 2996 873 3052 naves,
901 2975 1012 3036 Silium
1038 2977 1173 3053 legatum
1185 2995 1238 3056 qr

150 3112 222 3153 cum
243 3088 389 3173 expedita
409 3111 504 3152 manu
522 3092 731 3171 irruptionem
752 3091 786 3152 in
805 3090 933 3154 Chattos
956 3091 1057 3153 facere
1076 3092 1172 3168 jubet.

148 3206 215 3285 ipse
237 3203 344 3267 audito
366 3208 527 3268 castelium
554 3205 698 3288 Luppiae
726 3204 851 3268 flumini
880 3198 1059 3288 appositum
1088 3206 1172 3268 obsi·

146 3318 217 3380 deri
237 3340 294 3381 sex
315 3320 452 3399 legiones
474 3340 512 3381 eo
534 3318 637 3383 duxit.
679 3320 793 3403 Neque
812 3319 890 3384 Silio
910 3325 952 3383 ob
974 3321 1093 3383 subitos
1113 3320 1173 3380 im·

151 3434 223 3494 brea
245 3434 329 3496 aliud
359 3448 462 3498 actum
488 3458 583 3519 quam
611 3448 647 3498 ut
673 3435 830 3499 modicam
858 3434 1008 3518 praedam
1037 3448 1068 3498 et
1094 3436 1174 3517 Arpi

149 3544 302 3627 principis
325 3544 508 3609 Chattorum
523 3553 694 3627 conjugem
716 3546 877 3631 filiamque
898 3561 1040 3630 raperet:
1070 3569 1173 3632 neque

79 3639 83 3647 ι
151 3659 269 3723 caesari
291 3660 412 3741 copiam
433 3683 556 3742 pugnae
578 3666 757 3726 obsessores
776 3664 896 3737 fecere,
920 3660 958 3724 ad
980 3662 1095 3724 famam
1117 3661 1173 3724 ad-

149 3789 262 3840 ventus
292 3779 359 3854 ejus
388 3773 509 3858 dilapsi.
562 3778 736 3841 Tumulum
768 3791 874 3841 tamen
904 3801 1007 3861 nuper
1036 3779 1173 3844 variaris

149 3894 325 3974 legionibus
354 3905 505 3956 structum
536 3907 567 3956 et
591 3907 728 3959 veterem
757 3917 842 3956 aram
866 3896 974 3959 Druso
998 3897 1088 3958 sitam
1111 3892 1173 3953 dis-

149 4012 296 4085 jecerant.
339 4009 474 4074 restituit
496 4030 598 4090 nam,
620 4011 800 4096 honorique
821 4012 919 4093 patris
940 4010 1084 4093 princeps
1106 4007 1172 4088 ipse
