2934 4625
475 327 536 395 EX
559 327 797 396 HISTORIIS
1103 335 1145 399 67

126 526 194 567 sam
217 514 248 566 et
269 524 410 585 asperam
431 503 573 566 militiam
603 507 816 569 toleraverant
837 503 964 586 ingenio
986 505 1048 570 loci
1076 529 1147 572 coe-

126 617 213 699 lique
236 628 266 678 et
287 615 447 678 severitate
470 614 668 698 disciplinae,
699 638 794 702 quam
815 616 850 680 in
869 641 946 702 pace
967 620 1149 685 inexorabi-

127 731 190 791 lem
218 727 389 791 discordiae
419 729 535 793 civium
562 733 726 795 resolvunt
756 734 874 816 paratis
904 734 1051 817 utrinque
1080 720 1151 797 cor·

127 844 314 925 raptoribus
336 855 367 904 et
387 840 518 923 perfidia
547 842 712 925 impunita.
762 846 851 925 Viri,
879 866 984 925 arma,
1015 847 1090 932 equi
1111 846 1152 909 ad

130 979 223 1021 usum
244 972 276 1021 et
295 956 335 1019 ad
360 956 455 1021 decus
478 970 671 1039 supererant.
720 955 777 1021 sed
804 969 875 1020 ante
900 961 1018 1022 bellum
1044 975 1153 1024 centu·

130 1074 194 1135 rias
215 1086 337 1137 tantum
357 1093 430 1136 suas
451 1087 633 1155 numasque
660 1085 833 1138 noverantz
864 1076 1019 1138 exercitus
1038 1074 1154 1140 finibus

131 1190 366 1272 provinciarum
392 1187 660 1251 discernebantur.
713 1188 798 1252 Tum
820 1187 969 1252 adversus
989 1188 1155 1253 Vindicem

134 1314 308 1365 contractae
329 1302 467 1380 legiones
498 1320 595 1385 seque
621 1312 652 1362 et
682 1298 800 1364 Gallias
829 1316 976 1386 expertae
1003 1325 1154 1388 quaerere

132 1437 243 1478 rursus
269 1436 357 1478 arma
384 1434 545 1499 novasque
574 1412 763 1494 discordias,
795 1435 853 1479 nec
881 1418 982 1480 socios
1005 1430 1042 1481 ut
1070 1418 1154 1495 olim,

134 1528 189 1592 sed
209 1530 316 1590 hostes
337 1538 367 1590 et
384 1526 484 1591 uictos
505 1528 673 1591 vocabant.
722 1526 790 1589 Nec
812 1527 919 1592 deerat
938 1552 1013 1612 pars
1039 1531 1156 1593 Gallia-

133 1664 222 1720 rum,
255 1662 337 1724 quae
366 1639 514 1701 Rhenum
543 1642 671 1718 accolit,
707 1637 833 1702 easdem
861 1655 966 1723 partes
989 1656 1094 1706 secuta
1122 1664 1158 1704 ac

135 1769 203 1820 tum
227 1754 378 1817 acerrima
399 1752 576 1833 instigatrix
604 1752 756 1819 adversus
779 1753 965 1818 Galbianos:
992 1756 1054 1817 hoc
1074 1755 1159 1816 enim

135 1893 270 1951 nomen,
305 1868 444 1933 fastidito
470 1869 623 1949 Vindice,
654 1866 844 1931 indiderant.
886 1870 984 1951 Igitur
1005 1868 1159 1955 Sequanis

136 1986 318 2070 Aeduisque
346 2008 382 2046 ac
412 1982 525 2048 deinde
554 1997 650 2068 prout
672 1984 844 2066 {opulentia
876 1985 1053 2049 civitatibus
1083 1995 1161 2065 erat,

136 2103 253 2165 infensi
286 2101 533 2184 expugnationes
567 2103 712 2179 urbium,
751 2102 972 2185 populationes
1004 2122 1159 2182 agrorum,

138 2230 247 2298 raptus
275 2217 435 2298 penatium
465 2216 638 2278 hauserunt
667 2215 790 2295 annno,
822 2236 917 2297 super
942 2215 1104 2281 avaritiam
1129 2227 1161 2279 et

139 2332 356 2412 arrogantiam,
376 2330 544 2412 praecipua
561 2325 750 2391 validiorum
767 2328 851 2405 vitia,
874 2330 1069 2391 contumacia
1085 2328 1161 2390 Gal·

138 2449 245 2508 lorum
266 2447 394 2520 irritati,
426 2445 481 2524 qui
502 2442 663 2502 remissam
685 2441 746 2502 sibi
771 2462 790 2501 a
816 2441 916 2504 Galba
941 2456 1085 2526 quartam
1106 2444 1161 2503 tri.
1267 2525 1270 2531 Ι

139 2561 290 2620 butorum
311 2568 433 2637 partem
453 2567 483 2617 et
498 2553 622 2635 publice
642 2551 774 2617 donatos
795 2554 830 2615 in
850 2554 1053 2634 ignominiam
1072 2575 1162 2616 exer-

140 2674 220 2737 citus
239 2675 407 2753 jactabant.
456 2671 584 2733 accessit
608 2668 718 2733 callide
747 2673 923 2750 vulgatum,
954 2684 1071 2733 temere
1096 2692 1162 2734 cre-

141 2786 257 2863 ditum,
289 2785 448 2848 decumari
478 2784 617 2864 legiones
648 2796 678 2846 et
706 2786 974 2867 promptissimum
1005 2807 1162 2869 quemque

141 2902 361 2965 centurionum
388 2897 511 2961 dimitti.
552 2895 702 2981 Undique
734 2910 854 2962 atroces
883 2901 1004 2977 nuntii,
1039 2900 1164 2962 sinistra

142 3038 183 3080 ex
204 3018 283 3077 urbe
305 3015 407 3076 lama:
438 3013 561 3074 inlensa
580 3010 786 3091 lugdunensis
809 3012 932 3075 ‘colonia
959 3025 991 3074 et
1009 3012 1163 3094 pertinaci

140 3150 201 3212 pro
222 3129 351 3192 Nerone
372 3126 433 3189 fide
462 3124 596 3189 secunda
624 3125 817 3190 rumoribus.
868 3125 930 3189 Sed
958 3128 1094 3209 plurima
1122 3124 1163 3190 ad

141 3241 322 3324 fingendum
345 3238 597 3322 credendumque
619 3240 764 3304 materies
786 3239 821 3300 in
842 3239 919 3321 ipsis
941 3240 1057 3320 castris,
1079 3239 1162 3319 odio,

142 3369 246 3434 metu,
267 3368 298 3418 et
317 3356 374 3418 ubi
393 3355 475 3420 vires
496 3372 568 3415 suas
589 3363 794 3433 respexerant
814 3354 989 3415 securitate.

229 3465 296 3528 Sub
315 3469 398 3549 ipsas
426 3468 596 3550 superloris
625 3466 701 3528 anni
729 3465 873 3529 calendas
899 3466 1077 3532 decembres
1098 3470 1163 3531 Au·
1180 3480 1248 3544 unu

144 3583 194 3644 lus
222 3581 368 3643 Vitellius
397 3582 579 3644 interlorem
612 3580 812 3644 Germaniam
843 3583 1001 3663 ingressus
1031 3583 1165 3644 hiberna

144 3697 305 3778 legionum
335 3715 406 3756 cum
435 3716 509 3756 cura
534 3694 663 3756 adierat.
710 3692 825 3758 redditi
846 3697 1007 3782 plerisque
1030 3696 1164 3776 ordines,

145 3811 274 3872 remissa
307 3809 495 3888 ignominia,
529 3810 678 3871 allevatae
710 3825 821 3889 notae,
855 3813 949 3893 plura
984 3814 1165 3889 ambitione,

147 3926 301 4010 quaedam
321 3925 455 4005 judicio,
477 3926 511 3987 in
533 3926 649 4010 quibus
671 3924 797 3988 sordem
820 3940 850 3991 et
872 3930 1032 3992 avaritiam
1053 3924 1178 3990 Fontei

111 4044 113 4047 ’
147 4039 308 4124 Capitonis
352 4039 534 4106 adimendis
564 4038 796 4122 assignandisve
835 4043 961 4103 militiae
1004 4036 1166 4101 ordinibus

864 4157 910 4215 5*
