2934 4625
496 287 816 360 uxulsrouus
1118 271 1173 362 u·

224 465 268 544 (a.
290 460 347 550 69)
374 464 516 528 Turbata
537 486 595 547 per
623 463 750 528 eosdem
777 462 844 528 dies
865 463 1034 528 Germania
1055 477 1086 528 et
1108 486 1160 530 so·
1174 476 1247 540 ³‚4tt

140 578 247 645 cordia
268 581 399 660 ducum,
428 580 581 645 seditione
600 582 778 664 legionum,
800 593 931 646 externa
953 581 1001 661 vi,
1029 581 1160 665 perfidia

139 698 245 761 sociali
265 721 366 781 prope
396 698 512 763 afflicta
533 721 666 763 romana
692 718 755 762 res.
794 697 829 761 id
852 700 969 762 bellum
991 720 1062 761 cum
1084 720 1159 762 cau·

137 816 183 879 sis
209 827 239 878 et
268 816 431 880 eventibus
466 812 595 899 (etenim
623 816 747 897 longius
777 827 962 898 provectum
990 811 1050 899 est)
1081 835 1158 879 mox

137 930 392 993 memorabimus.
549 939 552 944 ’

222 1040 267 1128 (a.
279 1040 334 1127 69)
350 1044 520 1124 intersepta
534 1040 766 1105 Germanorum
781 1042 1016 1126 Raetorumque
1029 1040 1157 1105 auxilia.
1170 1052 1197 1116 a,
1206 1053 1242 1104 tta

221 1156 265 1239 (a.
282 1157 337 1239 69)
360 1155 466 1220 Isdem
490 1155 603 1219 diebus
624 1154 743 1219 Fabius
765 1156 887 1219 Valens
907 1154 1024 1219 Urbini
1046 1154 1080 1217 in
1102 1176 1157 1218 cu·
1170 1156 1242 1219 ³2⁶²

134 1269 236 1337 stedia
251 1271 444 1336 interficitur.
483 1282 578 1354 caput
593 1275 660 1351 ejus
673 1270 840 1336 vitellianis
856 1270 1038 1334 cohortibus
1052 1282 1157 1333 osten·

133 1398 250 1465 tatum,
279 1408 319 1448 ne
345 1408 441 1469 quam
465 1387 549 1449 ultra
575 1408 663 1470 spem
689 1389 853 1451 faverente
884 1407 958 1449 nam
980 1385 1155 1468 pervasisse

132 1498 167 1561 in
190 1499 374 1562 Germanias
396 1498 563 1563 Valentem
587 1511 620 1561 et
645 1510 766 1564 veteres
791 1497 855 1563 illic
875 1519 1041 1582 novosque
1062 1518 1155 1560 exer·

131 1614 210 1678 citus
227 1615 309 1678 ciere
329 1612 508 1676 eredebant.
549 1613 618 1675 visa
633 1611 727 1674 caede
745 1612 779 1673 in
799 1611 1046 1693 desperationem
1059 1612 1154 1678 versi.

215 1721 260 1811 (a.
282 1721 340 1809 69)
365 1723 468 1790 Isdem
493 1722 603 1788 diebus
634 1724 878 1786 crebrescentem
907 1722 1003 1788 cladis
1030 1744 1151 1805 germa-
1167 1731 1238 1801 4‚12

129 1839 217 1902 nicae
237 1841 354 1904 famam
372 1859 574 1926 nequaquam
597 1852 718 1902 moesta
738 1839 845 1901 civitas
867 1840 1058 1922 excipiebat:
1081 1861 1151 1902 cae-

128 1975 180 2019 sos
202 1956 370 2033 exercitus,
391 1968 479 2037 capta
500 1953 660 2036 legionum
680 1953 823 2033 hiberna,
849 1951 1013 2020 descivisse
1033 1954 1150 2019 Gallias

126 2088 193 2131 non
217 2081 254 2131 ut
273 2070 355 2132 mala
374 2071 596 2154 loquebanmr.
638 2069 676 2132 Id
696 2071 814 2134 bellum
836 2070 952 2155 quibus
972 2071 1074 2135 causis
1094 2092 1149 2135 or·

125 2192 210 2257 tum,
244 2194 361 2265 quanto
397 2195 597 2245 externarum
632 2183 851 2268 sociarumque
884 2187 1023 2266 gentium
1058 2197 1147 2250 motu

125 2295 302 2378 flagraverit
323 2298 414 2361 altius
436 2298 623 2381 expendam.
665 2299 794 2377 Batavi,
826 2300 926 2366 donec
949 2317 1036 2367 trans
1063 2303 1148 2366 Rhe·

125 2432 203 2472 num
224 2413 366 2490 agebant,
387 2431 460 2491 pars
482 2410 678 2504 Chattorum,
702 2410 855 2474 seditione
876 2413 1045 2478 domestica
1065 2415 1149 2497 pulsi

125 2536 267 2586 extrema
296 2523 423 2602 gallicae
452 2541 542 2602 orae,
581 2542 681 2583 vacua
710 2522 883 2586 cultoribus
910 2525 1066 2608 simulque
1096 2528 1147 2590 in-

122 2639 224 2702 sulam
251 2638 335 2702 inter
357 2634 438 2701 vada
464 2635 555 2698 sitam
582 2656 791 2717 occupavere,
820 2657 915 2720 quam
942 2659 1028 2700 mare
1055 2659 1146 2701 occa·

121 2773 199 2812 num
219 2772 238 2812 a
259 2751 380 2824 frome,
412 2749 542 2811 Rhenus
566 2748 666 2811 amnis
688 2760 809 2828 tergum
836 2772 871 2812 ac
891 2751 990 2813 latera
1012 2752 1145 2815 circum·

119 2865 199 2928 luit:
226 2885 283 2926 nec
309 2863 422 2944 opibus
439 2861 578 2924 romanis
600 2859 745 2924 societate
766 2862 955 2927 validiorum
976 2863 1075 2926 attriti
1095 2865 1144 2929 vi·

118 2996 172 3040 ros
193 2988 315 3038 tantum
336 2989 485 3057 armaque
507 2974 641 3055 imperio
666 2973 861 3055 ministrant,
882 2974 938 3037 diu
957 2976 1142 3056 germanicis

118 3089 208 3154 bellis
235 3090 381 3169 exerciti,
408 3110 484 3151 mox
513 3100 605 3150 aucta
624 3109 683 3170 per
702 3084 899 3153 Britanniam
918 3091 1019 3171 gloria
1038 3104 1141 3155 trans·

116 3204 218 3268 missis
238 3205 313 3267 illuc
334 3203 535 3281 cohortibus,
565 3223 644 3284 quas
663 3214 770 3267 vetere
790 3205 932 3269 instituto
952 3207 1139 3271 nobilissimi

115 3319 315 3402 popularium
332 3323 491 3400 regebant.
533 3331 600 3381 crat
615 3329 647 3380 et
662 3317 748 3382 domi
765 3317 902 3383 delectus
919 3342 1024 3404 eques,
1045 3344 1138 3405 prae·

115 3432 207 3513 cipue
224 3432 321 3494 nandi
338 3431 453 3509 studio,
475 3452 561 3493 arma
582 3451 744 3515 equosque
763 3432 904 3497 retinam
923 3432 1050 3515 integris
1068 3448 1137 3498 tur·

111 3549 172 3611 mis
194 3547 340 3609 Rhenum
360 3566 575 3627 perrumpere.
638 3570 641 3577 ·

198 3662 300 3724 Julius
318 3661 434 3722 Paulus
458 3673 490 3723 et
509 3659 658 3724 Claudius
683 3659 791 3725 Civilis
812 3662 897 3743 regia
917 3661 1012 3746 stirpe
1033 3666 1133 3729 multo
1148 3697 1173 3759 4,
1185 3699 1217 3748 13

112 3787 232 3839 ceteros
252 3775 421 3837 anteibant„
466 3774 601 3835 Paulum
622 3775 773 3852 Fonteius
796 3774 908 3858 Capito
928 3779 1009 3841 falso
1030 3782 1132 3844 rebel-

108 3888 203 3950 lionis
227 3887 356 3949 crimine
379 3888 543 3950 interfecit.
585 3889 715 3966 injectae
738 3886 830 3952 Civili
856 3902 983 3953 catenae
1003 3892 1131 3954 missus·

111 4024 173 4085 que
201 4002 240 4067 ad
268 4003 446 4081 Neronem,
480 4015 511 4066 et
538 4024 557 4065 a
583 4002 684 4069 Galba
711 4006 891 4101 absolutus,
921 4007 980 4067 sub
1001 4005 1129 4068 Vitellio
