2934 4625
670 294 732 364 b'X
754 295 1008 367 sNNsttuth

620 638 690 711 EX
724 638 1056 715 ANNALIBUS.

243 844 312 907 1,24
412 830 455 909 (a.
476 852 509 914 p.
528 830 565 896 G.
589 828 643 916 14)
666 830 793 896 additur
813 854 924 915 magna
950 854 1023 917 pars
1047 831 1239 916 praetoriani
1259 833 1349 917 equi·

325 943 364 1006 tis
383 957 413 1005 et
433 946 551 1008 robora
570 946 812 1027 Germanorum,
838 949 893 1032 qui
913 962 982 1012 tum
1003 948 1145 1013 custodes
1165 948 1349 1030 imperatori

324 1057 465 1124 aderant.
507 1064 513 1073 ‘

240 1195 265 1257 1,
274 1195 307 1243 sl
408 1172 451 1259 (a.
471 1174 526 1259 14)
548 1196 621 1237 nam
639 1173 751 1237 iisdem
774 1177 897 1242 aestivis
918 1175 1089 1239 infinibus
1110 1175 1268 1240 Ubiorum
1289 1178 1345 1240 ha·

323 1291 479 1352 bebantur
502 1289 653 1372 (legiones
674 1291 764 1352 XXI.
786 1290 827 1352 V.
844 1291 869 1352 Ι.
891 1291 970 1371 ΧΧ)
993 1311 1051 1372 per
1073 1290 1172 1353 otium
1191 1303 1245 1353 aut
1262 1293 1345 1354 levia

322 1403 440 1465 usunia.
722 1411 727 1420 '

239 1546 309 1610 134
406 1515 449 1603 (a.
472 1514 526 1601 14)
555 1516 732 1599 praecipuis
765 1512 911 1578 laudibus
946 1517 1107 1578 celebrans
1140 1536 1222 1599 quae
1250 1513 1342 1598 'apud

323 1634 506 1697 Germanias
527 1631 589 1694 illis
614 1651 685 1692 cum
709 1629 886 1710 legionibus
909 1630 1121 1711 pulcherrima
1142 1632 1275 1696 fecisset.

237 1773 307 1837 ω
404 1745 448 1834 (a.
472 1744 526 1832 14)
551 1745 739 1810 destinatum
762 1744 885 1810 excidio
907 1745 1064 1809 Ubiorum
1088 1745 1251 1830 oppidum.

236 1880 306 1943 gas
404 1857 447 1943 (a.
472 1857 526 1943 14)
554 1860 688 1941 primam
716 1882 752 1922 ao
782 1860 960 1925 vicesimam
980 1862 1117 1941 legiones
1140 1859 1272 1924 Caecina
1293 1861 1340 1922 le·

318 1990 406 2057 gatus
430 1976 464 2037 in
487 1976 642 2038 civitatem
662 1972 821 2037 Ubiorum
844 1973 972 2036 reduxit
990 1975 1078 2055 turpi
1100 1975 1232 2053 agmine.

235 2107 305 2168 uss
404 2088 447 2171 (a.
471 2085 524 2167 14)
549 2100 580 2149 at
606 2089 641 2148 in
664 2087 799 2150 Cauchis
829 2102 1013 2170 coeptavere
1041 2087 1225 2151 seditionem
1245 2110 1338 2170 prae·

320 2203 432 2267 sidium
454 2203 602 2284 agitantes
623 2204 780 2267 vexillarii
801 2202 990 2267 discordium
1012 2205 1181 2284 legionum.

231 2337 301 2399 1,ss
400 2316 442 2403 (a.
462 2313 516 2399 14)
537 2317 658 2379 interea
678 2318 773 2398 legati
791 2321 831 2382 ab
849 2332 959 2383 senatu
978 2339 1153 2400 regressum
1168 2323 1230 2398 jam
1250 2317 1335 2401 apud

315 2457 401 2500 aram
421 2433 580 2496 Ubiorum
603 2432 827 2496 Germanicum
849 2432 975 2497 adeunt.

230 2568 299 2631 1‚43
398 2546 441 2634 (a.
466 2545 520 2633 14)
543 2548 763 2629 compressisse
786 2547 972 2610 Germaniae
995 2540 1141 2630 populos.

229 2679 299 2741 1,44
396 2668 438 2750 (a.
463 2662 517 2748 14)
545 2663 642 2727 secuti
669 2666 849 2746 exemplum
872 2665 1010 2728 veterani
1034 2661 1121 2723 haud
1141 2665 1239 2725 multo
1262 2673 1333 2745 post

310 2784 344 2843 in
365 2781 506 2843 Raetiam
525 2777 693 2842 mittuntur
717 2778 820 2861 specie
847 2774 1063 2838 detendendae
1085 2777 1265 2858 provinciae
1288 2776 1329 2838 ob

310 2898 508 2960 imminentes
528 2893 660 2959 Suevos.

227 3027 252 3090 1,
262 3028 299 3078 50
397 3009 440 3096 (a.
460 3006 515 3092 14)
536 3010 628 3073 Laeti
647 3031 751 3093 neque
768 3012 879 3092 procul
897 3010 1047 3076 Germani
1064 3009 1231 3091 agitabant,
1253 3006 1330 3070 dum

309 3125 426 3204 justitio
446 3125 487 3185 ob
504 3124 652 3183 amissum
671 3123 854 3201 Augustum,
876 3136 946 3204 post
967 3120 1128 3183 discordiis
1150 3121 1330 3184 attinemur.

310 3238 352 3298 At
380 3236 541 3297 Romanus
573 3232 694 3311 agmine
719 3254 858 3314 propero
889 3234 998 3298 silvam
1026 3233 1157 3295 caesiam
1183 3235 1329 3299 limitem·

311 3365 373 3428 que
396 3365 414 3403 a
435 3340 563 3403 Tiberio
591 3353 734 3421 coeptum
764 3337 892 3418 scindit,
923 3352 1022 3401 castra
1049 3341 1084 3401 in
1109 3341 1207 3403 limite
1233 3344 1327 3424 locat,

308 3459 447 3521 frontem
472 3477 506 3518 ac
536 3468 657 3535 tergum
683 3456 785 3535 vallo,
815 3457 914 3518 latera
943 3453 1150 3519 concaedibus
1175 3460 1327 3522 munitus.

306 3569 380 3633 inde
403 3572 498 3632 saltus
526 3571 676 3633 obscuros
701 3581 842 3651 permeat
866 3571 1100 3657 consultatque,
1134 3592 1174 3632 ex
1201 3568 1324 3635 duobus

305 3686 469 3748 itineribus
494 3686 588 3747 breve
618 3697 649 3747 et
676 3686 803 3748 solitum
829 3699 995 3770 sequatur,
1027 3708 1068 3746 an
1094 3683 1272 3766 impeditius
1293 3699 1324 3748 et

304 3804 490 3865 intentatum
520 3820 620 3884 eoque
648 3803 791 3866 hostibus
820 3804 989 3867 incautum.
1032 3802 1162 3864 Delecta
1180 3802 1322 3881 longiore

305 3917 356 3981 via
377 3927 478 3978 cetera
507 3917 729 3979 accelerantur.
781 3918 895 3979 etenim
919 3918 1087 3979 attulerant
1108 3916 1321 3996 exploratores

305 4033 413 4094 sestam
437 4051 504 4092 eoru
527 4030 691 4094 Germanis
721 4043 844 4095 noctem
873 4054 907 4095 ac
930 4030 1121 4095 solemnibus
1150 4028 1250 4109 epulis
1271 4032 1320 4090 lu-
