2934 4625
325 233 371 314 82
674 228 737 298 EX
758 228 993 300 merosus

325 406 418 487 longe
440 411 563 483 agentes
589 399 705 484 raptim
724 399 912 486 transmisit,
942 398 1047 466 addita
1069 402 1263 472 Batavorum
1291 408 1351 488 ala,
1448 405 1449 408 ’

327 523 492 604 quaejam
513 515 637 599 pridem
659 528 808 602 corrupta
828 515 922 598 fidem
944 517 1128 601 simulabat,
1160 533 1198 584 ut
1216 523 1350 606 proditis

326 635 360 696 in
389 635 458 716 ipsa
491 633 556 696 acie
589 632 740 696 Romanis
772 638 890 713 majore
917 635 1024 716 pretio
1054 636 1187 717 fugeret.
1241 637 1350 706 Civilis

327 762 491 833 captorum
520 747 698 814 cohortium
726 747 822 830 signis
853 747 1077 830 circumdatus,
1107 764 1144 813 ut
1171 772 1229 814 suo
1255 754 1349 818 militi
1448 767 1449 774 ’

325 883 435 925 recens
455 844 555 946 gloria
578 875 650 925 ante
672 864 781 926 oculos
810 875 844 926 et
866 845 973 926 hostes
993 867 1145 928 memoria
1167 864 1263 934 cladis
1284 881 1348 932 ter·

324 991 480 1058 rerentur,
504 990 637 1042 matrem
662 996 752 1041 suam
774 998 973 1063 sororesque,
995 980 1089 1042 simul
1110 981 1252 1046 omnium
1272 1003 1347 1045 con·

323 1101 411 1179 juges
430 1115 610 1180 parvosque
630 1096 749 1160 liberos
770 1096 938 1168 consistere
957 1118 981 1174 a
1003 1110 1091 1178 tergo
1111 1100 1218 1177 jubet,
1236 1100 1347 1161 'hosta-

324 1226 430 1278 menta
450 1209 598 1293 uictoriae
618 1209 669 1273 vel
689 1209 790 1291 pulsis
810 1208 986 1291 pudorem,
1016 1210 1061 1273 Ut
1082 1210 1224 1274 virorum
1245 1224 1348 1288 cantu,

325 1332 514 1393 feminarum
532 1323 656 1386 ululatu
677 1323 785 1388 sonuit
801 1323 892 1404 acies,
913 1345 1115 1409 nequaquam
1135 1347 1195 1407 par
1215 1347 1233 1386 a
1249 1324 1347 1406 legie-

325 1444 420 1506 nibus
449 1438 697 1519 cohortibusque
726 1434 871 1502 redditur
897 1439 1027 1504 clamor.
1070 1436 1243 1505 nudaverat
1269 1439 1349 1503 sini·

325 1568 426 1618 strum
450 1573 551 1616 cornu
581 1551 776 1618 Batavorum
790 1553 853 1629 *ala
882 1554 1283 1638 mansingiens'statimque
1312 1556 1349 1617 in

324 1692 384 1735 nos
404 1690 507 1735 uersa.
549 1664 614 1733 Sed
636 1664 829 1748 legionarius
849 1669 939 1738 miles
963 1690 1147 1753 quanquam
1166 1674 1351 1734 rebustre·

324 1786 407 1871 pidis
423 1807 511 1848 arma
529 1783 718 1867 ordinesque
740 1782 905 1848 retinebat.
946 1783 1103 1858 Ubiorum
1118 1787 1349 1861 Treverorum·

326 1922 389 1984 que
417 1899 534 1962 auxilia
559 1894 654 1958 foeda
682 1895 757 1974 fuga
785 1893 926 1977 dispersa
953 1898 1026 1961 totis
1052 1898 1168 1980 campis
1188 1900 1349 1980 palantum

324 2015 400 2078 illuc
427 2015 601 2078 incubuere
628 2006 797 2074 Germani:
828 2025 858 2076 et
879 2011 948 2082 iuis
975 2013 1102 2075 interim
1130 2013 1280 2093 effugium
1301 2014 1349 2074 le·

326 2126 473 2207 gionibus
494 2123 530 2187 in
554 2132 654 2187 casua
681 2122 801 2205 quibus·
825 2123 979 2186 Veterum
1004 2145 1120 2202 nomen
1150 2138 1206 2189 est.
1254 2144 1348 2208 prae-

327 2239 427 2299 fectus
450 2235 517 2297 alae
537 2233 730 2298 Balarorum
758 2232 907 2300 Claudius
933 2237 1060 2318 Labeo,
1090 2238 1250 2323 oppidano
1279 2260 1347 2302 cer.

325 2351 441 2413 tamine
475 2348 617 2414 aemulus
648 2347 760 2428 Civili,
790 2370 831 2413 ne
862 2348 1043 2417 interiectus
1077 2352 1229 2419 invidiam
1259 2352 1348 2436 apud

325 2468 497 2551 populares
524 2464 575 2530 vel
600 2458 628 2528 si
650 2462 840 2549 retineretur
867 2469 987 2532 semina
1013 2466 1185 2534 discordiae
1213 2471 1348 2552 praebe·

325 2594 392 2660 ret,
413 2582 448 2643 in
468 2579 587 2643 Frisios
608 2581 764 2649 avehitur.
907 2654 910 2658 ,

242 2704 312 2766 4,19
411 2696 513 2761 Isdem
537 2694 647 2759 diebus
669 2698 863 2773 Batavorum
891 2707 923 2759 et
950 2696 1204 2765 Canninefatium
1233 2703 1347 2767 cohor-

286 2820 293 2829 ”
326 2825 390 2890 tes,
418 2833 517 2894 quum
536 2815 625 2888 jussu
646 2810 767 2873 Vitellii
791 2808 826 2872 in
846 2811 959 2875 rubeus
980 2826 1162 2894 pergerent,
1190 2815 1302 2877 missus
1328 2837 1348 2878 a

327 2925 427 2992 Civile
456 2927 587 2989 nuntius
614 2926 801 3010 assequitur.
849 2923 1029 2987 intumuere
1061 2928 1166 2990 statim
1197 2928 1348 3008 superbia

325 3041 527 3122 ferociaque,¹
554 3052 586 3115 et
611 3043 749 3119 pretium
776 3041 898 3102 itineris
923 3039 1121 3120 donativum‘,
1151 3040 1271 3121 duplex
1293 3044 1348 3106 sti·

325 3151 492 3234 pendium,
520 3153 627 3231 augeri
657 3153 799 3232 equitum
827 3171 1012 3230 numerum,
1041 3150 1195 3232 promissa
1224 3173 1301 3221 sane
1329 3177 1348 3217 a

325 3264 465 3341 Vitellio,
492 3262 702 3346 postulabant,
725 3281 789 3322 non
812 3274 848 3324 ut
869 3276 1120 3345 assequerentur,
1143 3263 1199 3335 sed
1220 3287 1348 3330 causam

324 3375 481 3441 seditioni.
523 3375 563 3437 Et
584 3374 713 3437 Flaccus
734 3375 833 3437 metita
858 3373 1059 3439 concedendo
1085 3377 1167 3440 nihil
1193 3377 1280 3441 aliud
1300 3381 1349 3444 ef·

324 3494 442 3556 fecerat
466 3511 560 3574 quam
583 3501 619 3552 ut
638 3490 740 3553 acrius
761 3502 967 3571 exposcerent
988 3512 1069 3572 quoe
1091 3491 1230 3553 sciebant
1251 3513 1348 3572 nega·

325 3619 442 3669 terrum.
492 3616 596 3686 spreto
623 3602 736 3666 Flacco
765 3603 950 3667 inferiorem
978 3603 1178 3667 Germaniam
1206 3607 1347 3688 petivere
1448 3618 1449 3649 ³

325 3732 360 3783 ut
395 3717 487 3780 Civili
520 3723 736 3796 jungerentur.
787 3714 991 3781 Hordeonius
1027 3717 1175 3781 adhibitis
1209 3718 1348 3781 tribunis

325 3833 626 3914 centurionibusque
657 3830 860 3908 constritavit,
890 3851 967 3892 num
995 3833 1182 3914 obsequium
1203 3832 1349 3893 abnuen-

324 3962 371 4013 tes
401 3951 433 4013 vi
461 3960 628 4011 coerceret.
669 3947 750 4011 Mox
775 3947 868 4010 insita
896 3946 1020 4028 ignavia
1048 3960 1080 4008 et
1100 3945 1230 4029 trepidis
1250 3945 1348 4009 mini·
