2934 4625
482 251 544 319 EX
566 250 803 320 fflsrottlls
1110 254 1151 320 tt

221 433 370 497 Proxima
385 429 515 511 legionis
534 430 654 511 primae
670 430 806 493 hiberna
824 441 913 494 erant
935 443 965 493 et
985 433 1152 514 promptis·
1169 445 1238 509 1‚t›t

135 546 233 608 simus
254 568 271 608 e
291 548 398 627 legatis
418 546 536 610 Fabius
556 547 683 611 Valens.
726 547 754 611 is
773 546 824 609 die
844 549 992 630 proximo
1013 548 1045 610 in
1068 549 1154 610 colo·

135 660 220 723 niam
246 663 498 744 agrippinensem
527 682 595 725 cum
627 661 785 745 equitibus
815 662 946 743 legionis
971 662 1154 723 auxiliario·

133 797 268 860 rumque
308 797 431 857 gressus
471 777 693 856 imperatorem
730 777 895 839 Vitellium
941 778 1154 841 consalutauit.

134 904 258 953 secutae
287 890 404 971 ingenti
434 888 602 951 certamine
630 887 768 966 ejusdem
796 890 976 970 provinciae
1005 893 1152 971 legiones,

134 1016 167 1066 et
194 1003 340 1084 superior
369 1004 541 1079 exercitus,
569 1004 717 1083 speciosis
747 1015 872 1065 senatus
904 1004 1076 1086 populique
1100 995 1152 1067 io·

133 1117 220 1177 mani
239 1116 419 1179 nominibus
440 1116 573 1195 relictis,
599 1118 727 1180 tertium
747 1137 850 1180 nonas
869 1120 1029 1196 januarias
1051 1121 1152 1181 Vitel-

132 1231 176 1292 lio
199 1229 335 1293 accessit.
377 1231 472 1293 scires
498 1232 588 1294 illum
617 1232 730 1313 priore*
750 1228 848 1293 biduo
874 1251 940 1293 non
964 1252 1059 1313 penes
1086 1254 1151 1296 rem

132 1348 291 1428 publicam
321 1346 427 1409 fuisse.
484 1345 641 1411 Ardorem
676 1347 869 1410 exercituum
900 1350 1152 1431 Agrippinenses,

133 1461 279 1538 Treveri,
300 1459 457 1539 Lingones
479 1462 671 1543 aequabant,
692 1461 824 1540 auxilia,
847 1482 955 1545 equos,
979 1483 1075 1539 uma,
1095 1485 1152 1544 pe·

134 1578 242 1640 cuniae
263 1579 448 1652 offerentes,
476 1589 511 1638 nt
534 1577 668 1660 quisque
691 1596 841 1656 corpore,
867 1580 999 1657 opibus,
1024 1578 1150 1657 ingenio

132 1688 266 1751 validus.
306 1707 364 1748 nec
384 1688 541 1768 principes
559 1685 655 1749 modo
676 1687 872 1750 coloniarum
895 1701 950 1749 aut
969 1703 1151 1769 castrorum,

133 1807 249 1888 quibus
272 1803 450 1885 praesentia
471 1824 512 1866 ex
533 1802 677 1865 affluenti
705 1815 737 1865 et
758 1816 850 1884 parta
869 1803 1001 1868 victoria
1021 1826 1151 1885 magnae

132 1940 220 2001 spes,
241 1918 297 1981 sed
316 1917 471 1999 manipuli
487 1937 614 2000 quoque
632 1931 661 1979 et
676 1918 835 1999 gregarius
855 1919 943 1983 miles
962 1921 1074 1986 viatica
1095 1942 1152 1984 sua

133 2044 163 2093 et
182 2034 300 2094 balteos
319 2031 539 2113 phalerasque,
559 2030 692 2110 insignia
710 2031 871 2094 umorum
892 2046 1020 2113 argento
1040 2032 1152 2098 decora

131 2148 202 2210 loco
218 2147 370 2229 pecuniae
385 2143 552 2207 tradebant
570 2145 718 2208 instinctu
736 2158 768 2208 et
783 2146 902 2228 impetu
920 2161 951 2211 et
969 2148 1108 2212 avaritia.

216 2261 315 2342 Igitur
336 2257 463 2321 laudata
492 2256 626 2320 militurn
655 2259 813 2322 alacritate
835 2260 982 2325 Vitellius
1010 2261 1150 2326 ministe·
1166 2277 1238 2343 l,68

131 2376 180 2437 ria
201 2375 395 2457 principatus
420 2396 479 2455 per
505 2374 634 2436 libertos
662 2375 712 2454 agi
738 2376 829 2437 solita
849 2377 883 2436 in
906 2380 1025 2459 equites
1046 2399 1151 2441 roma·

131 2507 190 2550 nos
213 2485 366 2568 disponit,
387 2485 564 2549 vacationes
587 2485 822 2547 centurionibus
843 2509 883 2549 ex
902 2487 977 2552 fisco
998 2507 1152 2569 numerat,

130 2599 293 2663 saevitiam
321 2600 455 2661 militum
485 2601 653 2683 plerosque
682 2597 722 2660 ad
752 2622 888 2682 poenam
909 2572 1152 2682 xexposcentium

129 2717 254 2798 saepius
282 2717 454 2795 approbat,
489 2716 604 2795 partim
633 2715 830 2778 simulatione
859 2717 1057 2780 vinculorum
1084 2719 1152 2780 iru-

130 2845 258 2895 stratur.
300 2832 469 2911 Pompeius
490 2831 694 2914 Propinquus
717 2844 905 2911 procurator
927 2834 1070 2913 Belgicae
1089 2847 1151 2897 sta·

128 2945 184 3006 tim
214 2944 409 3006 interfectus.
462 2942 579 3003 lulium
609 2942 794 3008 Burdonem
823 2947 1018 3025 germanicae
1046 2945 1150 3007 classis

128 3058 322 3139 praelectum
344 3067 413 3117 astu
435 3057 600 3117 subtraxit.
644 3070 803 3119 exarserat
825 3060 858 3120 in
888 3080 960 3120 eum
988 3058 1150 3123 iracundia

130 3173 303 3247 exercitus,
341 3183 493 3252 tanquam
526 3172 645 3234 crimen
677 3193 713 3233 ac
744 3193 820 3235 mox
854 3172 983 3235 insidias
1016 3172 1148 3251 Fonteio

130 3283 275 3364 Capitoni
295 3284 470 3346 struxisset.
511 3294 599 3361 grata
624 3297 696 3363 erat
723 3287 876 3349 memoria
906 3285 1086 3368 Capitonis,
1119 3300 1149 3348 et

131 3396 214 3477 apud
237 3397 408 3459 saevientes
430 3394 571 3459 occidere
595 3397 716 3476 palam,
737 3398 898 3478 ignoscere
920 3394 987 3461 non
1007 3397 1068 3460 nisi
1089 3399 1148 3461 fal-

130 3503 225 3567 lendo
245 3504 367 3566 licebat.
408 3503 453 3566 ita
476 3505 511 3565 in
535 3503 676 3566 custodia
697 3508 823 3568 habitus
845 3519 877 3568 et
896 3520 968 3587 post
985 3509 1147 3571 victoriam

129 3616 258 3680 demum
281 3618 384 3678 stratis
404 3620 469 3694 jam
489 3615 623 3678 militum
646 3615 725 3680 odiis
750 3617 894 3682 dimissus
919 3633 975 3683 est.
1016 3621 1147 3713 Interim

128 3744 164 3794 ut
183 3731 342 3814 piaculum
367 3730 511 3809 objicitur
534 3732 675 3795 centurio
699 3731 872 3817 Crispinus.
913 3734 1062 3816 sanguine
1085 3733 1146 3795 Ca·

128 3846 243 3928 pitonis
268 3868 301 3909 se
324 3858 541 3909 cruentaverat
571 3867 672 3930 eoque
701 3864 733 3914 et
761 3851 992 3935 postulantibus
1014 3850 1144 3914 manife-

129 3965 208 4025 stior
227 3975 257 4024 et
280 3963 425 4044 punienti
446 3961 540 4025 vilior
561 3963 630 4025 suit.
