2934 4625
463 689 895 764 osnunu1n

167 901 366 1035 Germania
386 964 487 1027 omnis
507 986 525 1026 a
544 962 642 1024 Gallis
656 960 827 1045 Raetisque
845 976 876 1025 et
891 962 1061 1027 Pannoniis
1076 963 1188 1026 Rheno
1204 977 1217 1025 1

167 1088 198 1137 et
214 1077 364 1139 Danubio
383 1075 576 1156 fluminibus,
595 1100 614 1140 a
631 1074 783 1140 Sarmatis
801 1078 957 1161 Dacisque
975 1090 1085 1141 mutuo
1104 1090 1187 1139 metu

58 1259 60 1276 Ι
168 1204 222 1254 aut
244 1193 404 1254 montibus
425 1204 599 1274 separatur.
641 1203 747 1254 cetera
770 1213 905 1255 oceanus
929 1193 1026 1255 ambit
1045 1196 1125 1257 latos
1146 1192 1189 1254 si·

59 1375 60 1378 Ἴ
166 1330 227 1371 nus
258 1322 290 1372 et
317 1307 493 1371 insularum
521 1309 675 1370 immensa
700 1306 801 1388 spatia
830 1309 1053 1389 complectens,
1087 1328 1189 1388 nuper

166 1425 296 1505 cognitis
326 1421 514 1508 quibusdam
544 1422 689 1503 gentibus
722 1444 757 1483 ac
788 1424 932 1504 regibus,
962 1442 1043 1505 quos
1071 1423 1188 1485 bellum
1251 1451 1253 1456 ·

64 1536 69 1546 ’
166 1539 301 1620 aperuit.
342 1537 474 1599 Rhenus
499 1538 686 1599 raeticarum
716 1537 836 1619 alpium
860 1538 1019 1600 inaccesso
1040 1558 1076 1599 ac
1096 1557 1189 1618 prae·

84 1712 88 1716 .
146 1641 253 1730 'cipiet
279 1651 394 1712 vertice
417 1661 504 1710 ortus
532 1649 657 1712 modico
683 1647 769 1711 flexu
796 1651 831 1711 in
861 1648 1053 1712 occidentem
1079 1670 1188 1713 versus

166 1762 402 1845 septentrionali
424 1783 543 1826 oceano
566 1762 723 1825 miscetur.
771 1761 940 1826 Danubius
966 1762 1054 1824 molli
1076 1773 1107 1824 et
1127 1763 1188 1825 cle·

166 1894 288 1943 menter
309 1878 393 1944 edito
414 1881 530 1945 montis
549 1880 702 1944 Abnobae
722 1883 797 1960 jugo
818 1879 935 1942 effusus
955 1881 1064 1961 plures
1085 1901 1188 1962 popu·

57 1999 61 2024 ³
105 2015 111 2024 ·
165 1997 214 2059 los
235 1994 315 2073 adit,
348 1993 449 2058 donec
476 1993 511 2055 in
538 1972 701 2076 ponticum
722 2013 809 2055 mare
831 2013 887 2056 sex
908 1993 1062 2057 meatibus
1083 2013 1188 2057 erum·

161 2122 239 2193 pat:
268 2108 434 2191 septimum
455 2127 490 2170 os
511 2104 678 2189 paludibus
702 2106 859 2171 hauritur.

250 2227 340 2309 Ipsos
372 2225 547 2288 Germanos
578 2222 741 2305 indigenas
774 2224 959 2289 crediderim
995 2229 1219 2314 minimeques

57 2366 62 2385 ¹
165 2348 299 2411 aliarum
330 2348 468 2428 gentium
496 2344 682 2411 adventibus
715 2358 746 2407 et
775 2347 918 2429 hospitiis
947 2351 1080 2429 mixtos,
1112 2353 1187 2435 quia

57 2436 62 2451 ι
166 2488 224 2528 nec
253 2477 339 2527 terra
365 2465 440 2525 olim
468 2460 524 2524 sed
550 2462 699 2525 classibus
729 2459 967 2527 advehebantur
988 2464 1044 2547 qui
1064 2478 1186 2529 mutare

165 2581 254 2645 sedes
276 2581 486 2664 quaerebant,
514 2590 544 2639 et
565 2579 735 2641 immensus
762 2579 846 2640 ultra
866 2589 965 2660 utque
987 2577 1030 2639 sic
1051 2577 1185 2641 dixerim

165 2697 314 2762 adversus
343 2713 478 2757 oceanus
507 2693 586 2753 raris
615 2693 655 2755 ab
685 2694 763 2754 orbe
785 2703 895 2754 nostro
918 2692 1050 2755 navibus
1073 2692 1186 2756 aditur.

166 2811 237 2894 quis
264 2829 363 2891 porro
391 2819 518 2890 praeter
548 2804 724 2888 periculum
753 2806 876 2869 horridi
906 2820 936 2870 et
962 2807 1061 2888 ignoti
1091 2807 1185 2872 maris

164 2928 239 2990 Asia
271 2938 326 2989 aut
355 2924 461 2987 Africa
492 2935 547 2986 aut
576 2924 665 2986 Italia
691 2925 800 2986 relicta
829 2923 1029 2987 Germaniam
1058 2935 1185 3005 peteret,

163 3042 332 3104 informem
351 3039 462 3117 terris,
497 3058 639 3120 asperam
661 3038 767 3115 coelo,
794 3035 913 3101 tristem
935 3038 1020 3100 cultu
1043 3048 1185 3119 aspectu·

164 3176 244 3238 que,
269 3153 377 3216 nisisi
397 3153 500 3235 patria
521 3147 584 3215 sit?

250 3267 418 3331 Celebrant
447 3264 636 3330 carminibus
669 3266 824 3349 antiquis,
855 3265 941 3352 quod
970 3289 1070 3332 unum
1100 3267 1215 3353 apudtt

162 3384 233 3445 illos
254 3381 424 3444 memoriae
447 3393 478 3441 et
498 3379 659 3442 annalium
679 3399 779 3459 genus
803 3379 859 3456 sit,
879 3380 1070 3444 Tuiscouem
1092 3380 1184 3446 deum

62 3494 66 3537 ῑ
163 3508 248 3558 terra
271 3493 388 3555 editum
410 3506 442 3554 et
461 3492 561 3555 fillum
582 3492 753 3571 Mannum,
782 3492 933 3573 originem
957 3496 1056 3576 gentis
1077 3496 1185 3562 condi·

64 3666 67 3689 ,
162 3622 322 3690 roresque.
363 3605 484 3670 Manno
504 3620 567 3670 tres
590 3608 672 3671 filios
696 3609 864 3687 assignant,
886 3630 903 3671 e
925 3632 1062 3694 quorum
1083 3616 1185 3677 nomi.

65 3768 67 3777 .
163 3721 257 3783 nibus
288 3716 426 3802 proximi
456 3739 573 3784 oceano
603 3721 814 3801 Ingaevones,
844 3723 939 3786 medii
966 3727 1186 3812 Herminones,

64 3836 67 3859 ¹
165 3837 261 3898 ceteri
280 3835 464 3900 Iscaevones
491 3849 652 3902 vocentur.
697 3836 843 3921 quidam,
873 3851 911 3902 ut
932 3841 966 3902 in
985 3843 1109 3905 licentia
1130 3863 1186 3908 ve·

65 3968 67 3981 ·
163 3948 301 4028 tustatis,
323 3951 430 4032 plures
454 3947 513 4012 deo
534 3963 619 4013 ortos
638 3951 809 4036 pluresque
830 3957 931 4033 gentis
950 3955 1185 4034 appellationes,

907 4073 922 4127 1
