2934 4625
308 266 353 333 tt
658 260 722 329 ltx
743 259 978 329 HISTORIIS

306 436 502 520 intemperie,
523 458 601 519 quas
620 459 639 499 a
658 437 781 518 legione
802 441 912 522 quarta
933 437 1072 517 decuma,
1095 450 1244 520 utsupra
1258 458 1327 500 ure-

307 553 516 631 moravimus,
545 550 698 631 digressas
728 553 880 615 exercitui
909 572 966 614 suo
988 552 1105 615 Fabius
1124 553 1244 615 Valens
1271 552 1327 615 ad·

305 672 461 745 junxerat.
502 667 602 746 jurgia
631 666 786 747 primum,
817 685 894 727 mox
921 665 994 727 rixa
1020 665 1103 727 inter
1128 665 1265 729 Batavos
1296 678 1328 728 et

305 781 511 859 legionarios,
534 779 679 841 (lumbis
706 793 760 842 aut
785 779 848 841 illis
871 776 974 841 studia
998 779 1132 840 militum
1157 800 1326 859 aggregan.

305 905 374 969 tur,
395 913 496 974 prope
516 893 551 953 in
571 893 728 973 proelium
749 912 909 969 exarsere,
932 891 966 952 ni
983 892 1100 954 Valens
1127 891 1326 956 animadver·
1425 953 1427 962 ,

306 1008 394 1069 sione
408 1027 582 1087 paucorum
599 1007 712 1068 oblitos
727 1010 791 1084 jam
809 1005 944 1067 Batavos
960 1004 1084 1086 imperii
1103 1004 1324 1069 admonuisset.

219 1134 291 1197 ΞΜ
388 1119 432 1204 (a.
454 1117 510 1204 69)
532 1165 571 1183 ..
597 1120 740 1183 irritabat
767 1119 842 1203 quin
873 1120 966 1181 etiam
990 1121 1127 1184 Batavos
1148 1121 1324 1182 Transrhe-

304 1256 468 1318 nanosque
488 1233 593 1296 Padus
613 1234 697 1317 ipse,
726 1255 820 1317 quem
845 1248 974 1318 repente
1001 1249 1110 1298 eontra
1131 1238 1322 1300 Placentiam

302 1348 487 1430 transgressi
508 1392 517 1410 .
543 1392 553 1411 .
574 1392 584 1410 .

216 1472 290 1536 ψ
387 1463 534 1542 ingerunt
565 1459 700 1543 desuper
728 1457 901 1524 Othoniani
928 1461 993 1543 pila
1024 1463 1138 1524 librato
1166 1462 1261 1541 magis
1290 1475 1322 1525 et

304 1590 389 1640 certo
417 1577 482 1639 ictu
511 1573 660 1639 adversus
684 1583 800 1635 temere
829 1575 999 1636 subeuntes
1023 1576 1166 1637 cobortes
1189 1574 1321 1635 Germa·

301 1713 435 1773 norum,
466 1705 561 1755 cantu
588 1692 669 1756 truci
697 1702 729 1752 et
753 1691 848 1768 {more
879 1692 982 1771 patrio
1013 1691 1106 1754 nudie
1136 1691 1321 1773 corporibus

302 1825 397 1887 super
418 1805 567 1867 humeros
586 1818 673 1867 scuta
695 1804 913 1887 quatientium.

217 1931 288 1993 2²7
385 1917 426 2004 (a.
448 1916 503 2003 69)
527 1917 680 1981 Cohortes
700 1917 910 1994 Batavorum,
938 1938 1016 2007 quas
1037 1918 1121 1980 bello
1142 1917 1280 1980 Neronis
1301 1939 1321 1979 a

301 2046 413 2116 quarta
434 2032 565 2093 decuma
585 2032 708 2110 legione
729 2029 899 2111 digressas,
929 2053 1028 2115 quum
1050 2033 1244 2094 Britanniam
1258 2053 1320 2113 pe·

300 2156 417 2221 terent,
444 2141 552 2205 audito
573 2142 695 2205 Vitellii
713 2155 802 2204 motu
821 2143 856 2204 ia
877 2144 998 2207 civitate
1019 2145 1198 2225 Lingonum
1219 2145 1320 2209 Fabio

300 2259 428 2323 Valenti
450 2257 611 2337 adjunctae
632 2258 818 2338 rettulimus,
840 2263 975 2341 superbe
996 2263 1136 2342 agebant,
1157 2272 1194 2322 ut
1216 2264 1321 2338 cujus·

301 2395 364 2458 que
385 2373 515 2454 legionis
534 2373 671 2434 tentoria
691 2375 907 2453 accessissent,
928 2375 1077 2438 coercitos
1099 2397 1118 2436 a
1138 2395 1171 2436 se
1193 2386 1320 2458 quarta-

301 2490 506 2567 decumanos,
535 2490 671 2552 ablatam
691 2488 814 2553 Neroni
834 2491 956 2552 Italiam
980 2504 1074 2574 atque
1099 2512 1224 2556 omnem
1244 2489 1321 2553 belli

300 2605 459 2668 fortunam
483 2605 516 2665 in
543 2603 686 2684 ipsorum
711 2624 806 2664 manu
837 2604 927 2666 sitam
953 2610 1113 2682 jactantes.
1159 2619 1319 2668 contume-

298 2721 413 2783 liosum
437 2718 471 2781 id
490 2719 659 2798 militibus,
684 2718 833 2778 acerbum
853 2715 944 2793 duci,
966 2729 1116 2798 corrupta
1135 2720 1243 2798 jurgiis
1264 2730 1319 2781 aut

297 2833 376 2895 rixis
392 2830 564 2913 disciplina,
584 2828 624 2892 ad
643 2841 837 2912 postremum
854 2829 972 2892 Valens
994 2851 1011 2893 e
1030 2832 1204 2912 petulantia
1225 2834 1318 2895 etiam

297 2945 461 3032 perfidiam
481 2946 689 3027 suspectabat.

118 3095 123 3102 ·
214 3068 286 3135 aas
381 3061 481 3138 Igitur
502 3060 613 3120 nuntio
635 3060 729 3120 allato
754 3060 878 3138 pulsam
892 3059 1106 3123 Treverorum
1127 3061 1208 3120 olam
1228 3061 1319 3122 Tun·

286 3193 431 3253 grosque
453 3193 471 3231 a
497 3173 592 3234 classe
616 3168 752 3234 Othonis
781 3183 813 3232 et
840 3174 1072 3235 narbonensem
1096 3171 1230 3234 Galliam
1258 3174 1319 3234 cir·

297 3284 425 3361 cumiri,
448 3284 541 3345 simul
562 3304 636 3346 cura
658 3282 760 3347 socios
781 3282 893 3346 tuendi
915 3298 945 3347 et
963 3285 1091 3346 militari
1111 3297 1179 3345 astu
1201 3285 1317 3347 cohor·

295 3413 343 3463 tes
365 3397 506 3462 turbidas
534 3419 587 3475 ac,
616 3397 642 3460 si
664 3419 728 3459 uua
749 3398 871 3477 forent,
893 3395 1087 3480 praevalidas
1108 3395 1317 3478 dispergendi,

294 3525 417 3594 partem
439 3513 631 3577 Batavorum
658 3511 705 3574 ire
735 3512 770 3574 in
801 3512 974 3577 subsidium
1002 3514 1101 3591 jubet.
1150 3510 1238 3594 quod
1259 3514 1316 3575 ubi

295 3626 436 3688 auditum
454 3629 696 3708 vulgatumque,
725 3645 868 3687 moerere
891 3625 984 3704 socii,
1013 3626 1148 3688 fremere
1167 3624 1316 3703 legiones.

211 3747 282 3810 aaa
380 3737 411 3818 *)
426 3742 606 3803 Exercitum
621 3739 743 3803 Vitellii
760 3740 942 3805 uuiversum
963 3736 1136 3818 advenisse,
1158 3758 1215 3800 nec
1232 3740 1317 3800 mul·

298 3895 744 3907 *nu-—

347 3981 376 4048 *J
395 3981 473 4035 verba
492 3982 610 4035 Suetonii
629 3982 742 4035 Paulini.
