2934 4625
312 260 354 325 20
704 257 936 324 onustatum

314 436 405 498 dibus
436 434 646 513 perculerunt.
699 433 778 495 Mox
807 436 947 513 ingentes
976 431 1044 511 caji
1073 436 1204 498 caesaria
1233 438 1336 502 minae

312 551 346 611 in
367 545 539 609 ludibrium
559 565 678 609 versae.
720 544 799 608 Inde
821 548 937 625 otium;
966 545 1067 609 donec
1087 549 1249 612 occasione
1271 551 1335 616 dis·

313 661 436 724 cordiae
461 674 586 724 nostrae
616 674 646 724 et
675 661 812 727 civilium
841 682 1002 724 armorum
1031 666 1216 745 expugnatis
1236 667 1335 748 legio·

313 796 389 838 num
410 776 561 853 hibernia,
583 775 676 836 etiam
697 773 813 836 Gallias
836 774 1035 853 affectavere,
1057 797 1220 840 aurursus
1240 779 1335 861 pulsi,

311 888 384 950 inde
413 889 565 969 proximis
589 884 785 968 temporibus
808 884 994 968 triumphati
1019 888 1116 968 magis
1144 912 1239 973 quam
1260 890 1334 956 victi

313 1013 395 1065 sunt.

264 1125 299 1173 38
396 1115 488 1179 Nunc
512 1115 550 1176 de
572 1114 683 1179 Suavis
704 1113 870 1178 dicendum
893 1126 948 1189 est,
971 1132 1105 1194 quorum
1129 1133 1194 1174 non
1215 1135 1279 1175 una
1301 1125 1335 1176 ut

311 1225 497 1291 Chattorum
519 1230 785 1289 Tencterorumve
807 1246 899 1305 gens:
924 1228 1076 1303 maiorem
1098 1224 1181 1286 enim
1203 1224 1334 1287 Germa·

310 1343 381 1403 niae
410 1353 532 1422 partem
554 1340 714 1415 obtinent,
746 1338 884 1420 propriis
906 1336 1008 1400 adhue
1030 1338 1211 1401 nationibus
1232 1340 1334 1402 nomi-

309 1459 466 1540 nibusque
488 1456 629 1534 discreti,
654 1476 836 1539 quanquam
857 1457 891 1517 in
914 1477 1077 1518 commune
1100 1455 1197 1520 Suevi
1218 1477 1333 1537 vocem·

309 1588 372 1637 tur.
420 1573 543 1652 Insigne
566 1571 665 1650 gentis
688 1572 852 1654 obliquare
874 1572 989 1632 crinem
1012 1572 1161 1654 nodoque
1182 1574 1334 1634 substrin-

308 1712 391 1771 gere.
442 1690 485 1751 sic
508 1688 603 1751 Suevi
632 1712 650 1752 a
675 1688 785 1751 ceteris
806 1688 988 1766 Germanis,
1018 1688 1062 1750 sic
1083 1687 1259 1752 Suevorum
1284 1689 1333 1750 in·

309 1807 404 1887 genui
424 1829 442 1869 a
464 1806 561 1868 servis
585 1818 783 1884 separantur.
824 1805 858 1863 in
885 1805 952 1863 aliis
974 1803 1119 1881 gentibus
1141 1823 1196 1862 seu
1220 1821 1331 1880 cogna-

308 1919 394 1981 tione
417 1918 523 1999 aliqua
543 1916 737 1994 Suevorum',
768 1938 840 1993 seu,
862 1915 948 1999 quod
973 1936 1064 1995 saepe
1086 1913 1211 1992 accidit,
1231 1915 1334 1977 imita·

307 2030 413 2103 tione,
442 2049 549 2088 rarum
578 2041 609 2088 et
637 2029 720 2089 intra
748 2035 894 2102 juventae
923 2029 1074 2106 spatium:
1107 2026 1191 2107 apud
1212 2029 1333 2091 Suevos

309 2135 473 2220 usquead
497 2138 640 2199 canitiem
664 2136 845 2198 horrentem
868 2137 1015 2215 capillum
1036 2149 1122 2198 retro
1145 2151 1332 2221 sequuntur,

311 2273 345 2314 ac
367 2271 459 2330 saepe
480 2248 604 2331 inipso
627 2250 742 2314 vertice
772 2250 912 2328 religant.
961 2249 1119 2332 principes
1143 2266 1173 2315 et
1194 2253 1332 2317 ornatio·

309 2390 377 2431 rem
395 2369 523 2429 habent.
566 2388 602 2429 ea
623 2387 697 2428 cura
716 2367 847 2440 formae,
867 2363 922 2425 sed
939 2366 1108 2430 innoxiae:
1128 2368 1332 2451 nequeenim

309 2495 345 2545 ut
366 2495 472 2545 ament
492 2492 692 2558 amentum,
723 2480 756 2540 in
781 2477 976 2542 altitudinem
1001 2479 1212 2563 quandam'et
1231 2496 1332 2547 terro-

309 2595 515 2658 remeditari
540 2599 623 2658 bella
645 2597 778 2677 compti,
807 2609 842 2658 ut
862 2597 998 2658 hostium
1024 2597 1138 2676 oculis,
1169 2613 1332 2662 ornantur.

260 2734 296 2782 39
393 2711 627 2774 Vetustissimos
650 2732 683 2773 se
706 2709 979 2792 nobilissimosque
1001 2708 1177 2773 Suevorum
1199 2712 1332 2778 Semno-

308 2850 363 2890 nes
401 2839 589 2890 memorant.
654 2826 730 2889 fides
766 2826 959 2909 antiquitatis
993 2827 1145 2907 religione
1178 2827 1332 2893 firmatur.

308 2938 396 3003 Statu
423 2952 565 3023 tempore
585 2940 619 3000 in
640 2941 750 3003 silvam
777 2940 913 3019 atrguriis
933 2951 1058 3021 patrum
1081 2954 1112 3003 et
1136 2942 1239 3023 prisca
1265 2944 1331 3005 lor·

308 3054 425 3115 midine
447 3074 566 3117 sacram
588 3073 696 3113 omnes
719 3050 857 3128 ejusdem
884 3052 1043 3129 sanguinis
1070 3055 1182 3133 populi
1201 3055 1331 3132 legatio·

309 3169 403 3231 nibus
432 3180 546 3231 coeunt
575 3188 727 3248 caesoque
757 3165 882 3245 publice
911 3165 1038 3225 homine
1067 3167 1226 3230 celebrant
1256 3172 1330 3232 bar-

309 3289 379 3351 bari
405 3287 484 3349 ritus
513 3283 673 3348 horrenda
698 3282 883 3366 primordia.
927 3283 980 3345 Est
1009 3296 1040 3346 et
1066 3287 1126 3346 alia
1146 3287 1218 3351 luco
1239 3311 1330 3355 reve·

309 3404 426 3465 sentia:
455 3422 548 3463 nemo
579 3401 641 3461 nisi
667 3401 794 3464 viuculo
823 3399 935 3479 ligatus
961 3398 1135 3478 ingreditur
1163 3413 1199 3463 ut
1226 3403 1331 3467 minor

311 3533 342 3581 et
369 3529 554 3600 potestatem
584 3517 720 3578 numinis
752 3537 830 3597 prae
859 3535 891 3577 ae
922 3516 1035 3576 ferens.
1086 3517 1112 3577 si
1140 3517 1222 3578 forte
1253 3538 1329 3599 pro·

309 3633 416 3712 lapsus
443 3643 505 3700 est,
536 3629 635 3691 attolli
665 3641 694 3690 et
722 3630 883 3708 insurgere
913 3626 996 3688 haud
1023 3627 1160 3692 licitum:
1189 3650 1248 3711 per
1268 3632 1329 3692 hu·

311 3765 397 3805 mum
433 3745 634 3805 evolvuntur.
694 3742 804 3824 quue
841 3742 943 3804 omnis
980 3741 1160 3822 superstitio
1193 3740 1331 3822 respicit,
1370 3817 1377 3826 ·

311 3869 461 3937 tanquam
488 3853 560 3916 inde
587 3855 674 3916 initia
695 3855 811 3934 gentis,
842 3854 887 3914 ibi
908 3868 1055 3933 regnator
1080 3855 1220 3916 omnium
1241 3853 1328 3933 deus,

311 3981 412 4030 cetera
433 3970 570 4045 subjecta
593 3982 684 4050 atque
706 3969 857 4050 parentia.
901 3967 1013 4045 Adjicit
1032 3970 1245 4031 artctoritatem
1263 3970 1328 4031 for·
