2934 4625
231 687 268 736 2⁶

284 277 322 346 tt
680 272 916 342 uenustus

281 472 377 534 super
398 449 519 513 nobiles
541 447 728 515 ascendunt:
758 451 842 534 apud
866 464 984 516 ceteros
1006 452 1141 537 impares
1162 454 1303 519 libertini

281 566 433 628 libertatis
455 576 674 644 argumentum
695 576 779 626 aunt.
1280 565 1281 568 ’

367 678 472 740 Fenus
489 679 604 758 agitare
623 692 653 740 et
671 678 705 739 iu
723 698 835 740 usuras
853 678 1019 742 extendere
1040 679 1191 759 ignotum,
1213 677 1303 741 ideo·

282 814 344 876 que
370 796 467 873 magis
497 805 642 856 servatur
669 813 766 875 quam
796 794 823 855 si
845 795 976 857 vetitum
1005 807 1093 857 esset.
1142 794 1218 875 Agri
1241 817 1301 876 pro

280 929 414 970 numero
436 910 591 970 cultorum
609 908 648 968 ab
666 906 821 970 universis
840 908 874 969 in
893 909 977 969 vices
997 919 1199 988 occupantur,
1222 926 1302 988 quos

280 1044 356 1085 mox
378 1025 460 1084 inter
483 1042 517 1083 se
539 1019 712 1083 secundum
733 1020 913 1100 dignitatem
934 1021 1125 1101 partiuntur.
1171 1020 1303 1083 facilita-

279 1150 344 1199 tem
364 1135 520 1219 partieudi
541 1157 723 1218 camporum
746 1138 844 1217 spatia
863 1149 1032 1218 praestant.
1073 1156 1147 1198 arva
1166 1156 1226 1215 per
1244 1157 1302 1196 an·

280 1269 338 1311 nos
359 1262 492 1324 mutant,
514 1262 545 1310 et
569 1261 711 1330 superest
731 1270 814 1329 ager.
857 1248 924 1310 Nec
952 1250 1036 1311 enim
1061 1272 1132 1312 curu
1158 1253 1301 1313 ubertate

280 1378 311 1427 et
331 1363 537 1448 amplitudine
560 1367 620 1429 soli
639 1368 748 1428 labore
771 1364 981 1443 contendunt,
1008 1380 1043 1428 ut
1063 1369 1205 1449 pomaria
1226 1387 1302 1430 con·

280 1493 387 1543 serant
415 1494 444 1542 et
471 1496 561 1562 prata
591 1495 736 1563 separent
762 1495 792 1544 et
818 1484 927 1545 hortos
952 1482 1071 1562 rigent:
1104 1482 1171 1546 sola
1199 1493 1301 1543 terrae

280 1615 365 1675 seges
393 1596 575 1676 imperatur.
617 1595 710 1657 Unde
742 1615 861 1658 annum
889 1618 1017 1680 quoque
1042 1597 1147 1680 ipsum
1173 1620 1240 1661 non
1266 1600 1301 1661 in

279 1709 411 1771 totidem
433 1709 578 1791 digerunt
604 1711 732 1792 species.
775 1709 874 1772 hiems
896 1724 927 1773 et
948 1732 1005 1775 ver
1031 1724 1063 1774 et
1088 1725 1186 1774 aestas
1210 1712 1302 1772 intel-

228 1845 230 1850 ·
279 1827 395 1887 lectum
426 1849 461 1890 ac
488 1829 642 1891 vocabula
669 1829 804 1891 habent:
838 1828 999 1891 auctumni
1026 1826 1157 1910 perinde
1184 1849 1302 1890 nomen

230 2053 266 2100 21

231 3428 268 3476 22

280 1962 314 2002 ac
336 1944 422 2003 bona
442 1943 637 2021 ignorantur.

364 2055 527 2116 Funerum
553 2057 640 2115 nulla
662 2054 802 2117 ambitio.
843 2053 877 2115 id
903 2056 1004 2116 solum
1033 2057 1237 2128 observatur,
1266 2064 1301 2115 ut

279 2187 415 2250 corpora
428 2171 584 2232 clarorum
599 2168 742 2231 virorum
757 2168 847 2231 certis
861 2169 952 2247 liguis
965 2181 1151 2230 crementur.
1176 2168 1301 2231 Struem

278 2283 348 2363 rogi
377 2303 433 2344 nec
460 2282 598 2346 restibus
627 2303 685 2346 nec
714 2280 865 2346 odoribus
896 2285 1074 2346 cumulant:
1104 2304 1161 2346 sua
1187 2284 1299 2368 cuique

280 2417 385 2474 arma,
415 2394 615 2479 quorundam
643 2396 708 2475 igni
737 2409 767 2456 et
789 2418 889 2480 equus
918 2396 1071 2474 adjicitur.
1114 2397 1301 2479 Sepulcrum

280 2529 404 2593 caespes
441 2510 549 2591 erigit3
587 2525 866 2573 monumentorum
899 2511 1034 2574 arduum
1066 2526 1098 2575 et
1131 2533 1300 2593 operosum

279 2625 434 2687 honorem
456 2638 491 2686 ut
511 2646 637 2705 gravem
657 2625 811 2689 defunctis
832 2642 1050 2708 aspernantur.
1091 2628 1244 2691 Lamenta
1265 2652 1300 2690 nc

278 2740 421 2801 lacrimas
444 2739 523 2817 cito,
551 2738 693 2800 dolorem
719 2753 748 2801 et
773 2740 931 2802 tristitiam
951 2740 1040 2803 tarde
1062 2754 1199 2825 ponunt.
1239 2741 1300 2803 Fe·

279 2854 372 2917 minis
393 2857 500 2934 lugere
521 2856 688 2916 honestum
710 2868 772 2933 est,
795 2857 872 2919 viris
893 2857 1081 2919 meminisse.

363 2970 448 3030 Haec
469 2971 688 3033 incommune
711 2967 750 3031 de
771 2971 912 3032 omnium
929 2971 1161 3033 Germanorum
1180 2969 1299 3047 origine

280 3104 316 3144 ac
337 3086 478 3145 moribus
497 3084 681 3163 accepimus.
724 3083 817 3146 Nunc
839 3085 1031 3162 singularum
1051 3083 1191 3160 gentium
1211 3081 1300 3141 insti·

279 3210 346 3259 tuta
367 3197 525 3279 ritusque,
549 3209 703 3278 quatenus
725 3196 887 3274 differant,
910 3217 991 3278 quae
1012 3196 1155 3257 nationes
1182 3193 1301 3255 eGer·

280 3310 384 3371 mania
402 3311 437 3370 in
458 3309 574 3371 Gallias
594 3309 882 3389 commigraverint,
903 3307 1080 3391 expediam.

364 3425 542 3488 Validiores
564 3427 640 3489 olim
660 3425 824 3488 Gallorum
844 3446 895 3487 res
915 3427 1012 3488 fuisse
1033 3448 1172 3490 summus
1194 3442 1302 3489 aucto·

280 3565 353 3605 rum
376 3541 467 3607 divus
488 3542 588 3605 Julius
612 3541 721 3620 tradit,
751 3563 851 3625 eoque
875 3541 1022 3605 credibile
1045 3555 1090 3604 est
1111 3542 1203 3604 etiam
1226 3543 1301 3604 Gal·

280 3660 328 3721 los
348 3661 382 3720 in
398 3659 598 3721 Germaniam
618 3671 837 3738 transgressos.
881 3657 1075 3734 Quantulum
1097 3659 1180 3720 enim
1201 3660 1301 3721 amnis

282 3777 441 3854 obstabat,
474 3775 659 3858 quominus,
687 3788 722 3838 ut
744 3796 888 3858 quaeque
908 3796 983 3855 gens
1006 3777 1180 3851 evaluerat,
1208 3794 1300 3835 occu·

281 3904 371 3973 paret
400 3903 654 3973 permutaretque
684 3888 772 3952 sedes
801 3889 994 3970 promiscuas
1023 3887 1124 3949 adhuc
1155 3898 1185 3948 et
1214 3888 1301 3946 nulla

280 4025 450 4086 regnorum
470 4005 612 4089 potentia
633 4001 770 4072 divisas?
812 4005 911 4085 Igitur
936 4006 1019 4066 inter
1044 4001 1223 4083 hercyniam
1247 4003 1301 4063 sil·
