2934 4625
293 306 334 373 tr
679 302 913 372 annulum

290 501 385 563 quam
414 479 562 542 amicitias
593 498 717 541 necesse
753 493 814 558 est3
848 500 906 540 uec
939 478 1153 563 implacabiles
1185 477 1310 542 durant.

288 594 405 657 Luitur
435 595 518 656 euim
551 593 643 656 etiam
674 591 877 655 homicidium
910 607 994 655 certo
1028 606 1240 656 armentorum
1275 614 1310 653 ac

287 730 439 792 pecorum
460 731 593 773 numero
615 712 788 794 recipitque
814 710 1057 774 satisfactionem
1082 708 1229 773 universa
1252 704 1310 768 do·

288 846 375 904 mus,
397 825 516 888 utiliter
540 828 575 889 in
597 825 873 909 publicumque
898 823 1137 905 periculosIores
1159 834 1231 884 stsnt
1249 819 1310 881 ini·

288 939 421 1001 micitiae
448 943 537 1017 juxta
562 941 751 1002 libertatem.
793 937 996 1004 Convictibus
1024 950 1055 1000 et
1075 936 1217 1018 hospitiis
1244 954 1310 996 non

287 1057 348 1117 alia
369 1077 443 1136 gens
466 1056 595 1117 effusius
616 1055 767 1136 indulget.
817 1075 1036 1137 quemcunque
1058 1052 1237 1115 mortalium
1260 1072 1310 1110 ar·

287 1192 356 1232 cere
383 1183 464 1232 tecto
487 1171 575 1231 nefas
596 1170 752 1247 habetur3
785 1188 845 1249 pro
868 1168 997 1229 fortuna
1018 1168 1153 1248 quisque
1177 1184 1308 1246 appara·

285 1284 323 1346 tis
355 1283 457 1363 epulis
488 1282 613 1362 excipit.
664 1302 763 1363 quum
794 1278 953 1358 defecere,
985 1280 1040 1362 qui
1068 1276 1163 1341 modo
1193 1277 1309 1356 hospes

284 1402 395 1473 luerat,
418 1409 609 1459 monstrator
629 1396 759 1478 hospitii
782 1409 812 1458 et
833 1417 955 1459 comes:
982 1396 1160 1476 proximam
1182 1391 1310 1456 domum
1349 1413 1351 1416 ·

284 1532 350 1572 non
372 1497 495 1574 inuitati
517 1507 652 1587 adeunt,
674 1531 732 1573 nec
754 1509 901 1588 interest,
922 1511 993 1590 pari
1013 1509 1210 1570 humanitate
1230 1508 1310 1569 acci·

282 1625 425 1706 piuntur.
465 1625 587 1687 Notum
606 1625 831 1707 ignotumque,
862 1636 1015 1707 quantum
1036 1623 1076 1686 ad
1096 1630 1145 1702 jus
1168 1622 1310 1704 hospitis,

283 1760 376 1800 nemo
402 1736 559 1800 discernit.
606 1738 746 1801 Abeunti
769 1739 796 1799 si
817 1737 906 1821 quid,
919 1738 1117 1821 proposcerit
1138 1735 1309 1800 concedere

282 1854 395 1934 moris3
429 1866 460 1916 et
487 1852 638 1934 poscendi
664 1856 799 1918 invicem
829 1852 938 1915 eadem
971 1855 1113 1916 facilitas.
1162 1850 1309 1915 Gaudent

282 1969 483 2046 muneribus,
504 1967 558 2029 scd
580 1989 637 2029 nec
658 1966 730 2030 data
751 1966 915 2049 imputant,
935 1988 993 2031 nec
1017 1968 1148 2050 acceptis
1167 1967 1308 2047 obligan-

284 2096 346 2145 tur.
387 2083 488 2145 victus
509 2081 593 2142 inter
615 2084 754 2165 hospites
777 2083 884 2144 comis.

232 2199 268 2246 Ὦ
369 2193 480 2257 Statim
503 2215 519 2255 e
542 2214 670 2270 somno,
702 2215 797 2277 quem
824 2196 1011 2275 plerumque
1038 2192 1072 2253 in
1096 2190 1179 2254 diem
1201 2204 1307 2255 extra·

282 2310 379 2385 hunt,
401 2308 564 2384 lavantur,
585 2306 709 2389 saepius
731 2305 848 2379 calida,
869 2322 905 2370 ut
927 2306 1010 2389 apud
1031 2327 1111 2392 quos
1133 2305 1307 2388 plurimum

280 2425 380 2487 hiems
402 2436 543 2506 occupat.
586 2422 680 2485 Lauti
700 2423 806 2484 cibum
828 2423 974 2503 capiunt3
997 2435 1156 2504 separatae
1177 2421 1306 2502 siugulis

281 2536 368 2602 sedes
389 2551 419 2600 et
436 2559 492 2600 sua
515 2539 627 2620 cuique
646 2557 764 2598 mensa.
806 2537 889 2597 Tum
910 2535 950 2598 ad
969 2536 1102 2617 negotia,
1124 2557 1182 2598 nec
1202 2536 1306 2600 minus

280 2676 373 2736 saepe
402 2653 441 2716 ad
469 2653 613 2718 convivia
641 2652 817 2734 procedunt
839 2653 960 2713 armati.
1001 2652 1097 2712 Diem
1118 2664 1305 2734 noctemque

281 2769 464 2833 continuare
490 2764 631 2849 potando
661 2767 741 2827 nulli
769 2767 935 2848 probrum.
986 2769 1130 2841 crebrae,
1159 2777 1195 2826 ut
1222 2765 1305 2827 inter

279 2882 468 2960 vinolentos,
494 2886 581 2944 rixae
603 2903 677 2944 raro
700 2883 858 2962 conviciis,
880 2883 1004 2962 saepius
1027 2880 1119 2943 caede
1142 2893 1172 2943 et
1194 2883 1304 2944 vulne-

279 2999 367 3059 ribus
392 2999 617 3078 transiguntur.
658 2995 721 3060 Sed
746 2995 785 3059 de
812 2995 1050 3059 reconciliandis
1080 2995 1214 3058 invicem
1242 2995 1304 3055 ini·

279 3110 403 3171 micitiis
425 3120 454 3170 et
476 3108 642 3188 jungendis
665 3110 868 3170 affinitatibus
897 3121 927 3170 et
955 3107 1160 3170 adsciscendis
1185 3107 1302 3189 princi·

278 3220 389 3302 pibus,
409 3218 448 3282 de
467 3241 544 3302 pace
566 3219 702 3300 denique
724 3240 759 3280 ac
779 3220 864 3282 bello
885 3221 1072 3302 plerumque
1095 3221 1130 3281 in
1152 3220 1302 3284 conviviis

280 3336 473 3412 consultant,
501 3347 651 3416 tanquam
680 3334 768 3396 nullo
798 3333 894 3413 magis
918 3347 1058 3437 temporo
1089 3333 1203 3397 autad
1228 3334 1302 3397 sim·

278 3449 375 3531 plices
397 3449 598 3528 cogitationes
622 3459 726 3528 pateat
748 3448 887 3523 animus,
920 3462 974 3510 aut
1004 3446 1043 3508 ad
1068 3469 1195 3528 magnas
1216 3450 1301 3512 inca·

278 3565 382 3626 lescat.
425 3563 510 3625 Gens
539 3584 605 3625 non
635 3576 737 3625 astuta
757 3562 823 3625 vnec
851 3562 962 3625 callida
991 3563 1093 3644 aperit
1122 3563 1224 3626 adhuc
1252 3585 1302 3625 se·

279 3690 364 3739 creta
377 3678 514 3760 pectoris
529 3679 654 3740 licentia
669 3681 742 3757 joci.
786 3702 858 3761 ergo
878 3679 997 3743 detecta
1014 3692 1044 3741 et
1061 3677 1147 3741 nuda
1159 3680 1301 3742 omnium

277 3810 365 3851 mens
385 3804 512 3874 postera
534 3790 584 3852 die
605 3805 808 3871 retractatur,
836 3807 866 3856 et
889 3798 974 3858 salva
994 3795 1159 3878 utriusque
1179 3805 1300 3876 tempo·

278 3907 321 3968 ris
347 3920 402 3970 est.
446 3907 637 3986 deliberant,
668 3908 745 3973 dum
766 3911 882 3993 fingere
906 3913 1066 3991 nesciunt,
1097 3910 1298 3987 constituunt,

279 4020 353 4085 dum
377 4044 482 4086 errare
503 4045 568 4087 uon
590 4036 732 4106 possunt.
