2934 4625
272 280 293 345 l
669 276 902 345 onunnnm

272 469 361 535 gusto
383 468 413 516 et
436 454 527 520 brevi
550 456 645 534 ferro,
673 455 727 519 sed
749 457 793 519 ita
815 456 879 519 acri
904 467 934 517 et
957 452 996 515 ad
1020 475 1113 516 trsttm
1134 455 1242 534 habili,
1264 468 1298 518 ut

272 566 382 631 eodem
405 570 482 648 telo,
503 582 599 650 prout
624 569 705 631 ratio
727 571 847 650 poscit,
867 569 919 633 vel
942 568 1084 632 cominus
1105 571 1156 632 vel
1178 570 1299 630 eminus

272 696 420 765 pugnent.
461 683 502 745 Et
531 705 626 767 eques
656 682 783 767 quidem
813 697 902 748 scuto
928 684 1109 765 frameaque
1135 695 1299 745 contentus

273 813 334 876 est;
359 798 478 879 pedites
501 810 531 861 et
553 798 680 860 missilia
701 810 866 879 spargunt,
888 798 981 879 plura
1005 797 1129 876 singuli,
1151 809 1243 892 atque
1265 797 1298 856 in

273 916 460 977 immensum
482 915 609 976 vibrent
628 910 706 975 nudi
730 925 786 974 ant
806 914 914 991 sagulo
936 914 1033 976 leves.
1081 911 1177 974 Nulla
1198 915 1299 975 cultus

272 1031 414 1107 jactatio,
443 1043 530 1093 scuta
559 1041 679 1090 tantum
703 1027 876 1091 lectissimis
905 1028 1065 1089 coloribus
1087 1025 1299 1107 distinguunt;

273 1144 380 1225 paucis
401 1145 537 1219 loricae,
570 1144 625 1204 vix
647 1141 703 1202 uni
724 1143 854 1204 alterive
877 1141 972 1201 cassis
998 1152 1052 1203 aut
1074 1142 1171 1219 galea.
1215 1141 1299 1222 Equi

274 1280 339 1322 non
368 1260 488 1336 forma,
517 1278 582 1319 non
613 1257 775 1321 velocitate
805 1255 984 1336 conspicui;
1015 1252 1070 1317 sed
1097 1277 1155 1317 nec
1176 1259 1298 1320 variare
1332 1242 1335 1247 ¹

274 1393 367 1455 gyros
389 1374 423 1433 in
445 1392 566 1434 morem
591 1382 736 1432 nostrum
757 1367 928 1433 docentur:
958 1369 993 1429 in
1013 1381 1133 1431 rectum
1158 1384 1212 1432 aut
1233 1391 1297 1431 uno

273 1484 360 1545 flexu
382 1482 510 1546 dextros
535 1496 632 1563 agtrnt
659 1484 703 1546 ita
731 1484 900 1545 coniuncto
922 1485 999 1545 orbe
1021 1495 1056 1545 ut
1078 1505 1171 1547 nemo
1193 1496 1299 1566 poste-

273 1601 341 1662 rior
363 1599 412 1661 sit.
455 1600 492 1660 ln
522 1596 708 1668 universum
737 1597 912 1658 aestimanti
939 1598 1010 1676 plus
1037 1618 1135 1677 penes
1161 1597 1299 1679 peditem

273 1712 416 1791 roboris;
441 1731 543 1795 eoque
565 1711 656 1773 mixti
677 1713 876 1792 proeliantur
900 1723 972 1791 apto
994 1724 1025 1773 et
1045 1725 1236 1792 congruente
1258 1712 1298 1776 ad

275 1839 450 1908 equestrem
464 1845 615 1908 'pugnam
643 1825 807 1887 velocitate
840 1823 996 1905 peditum,
1026 1845 1105 1907 quos
1139 1847 1180 1886 ex
1213 1826 1299 1888 ornni

273 1945 435 2014 juventute
458 1938 595 2000 delectos
625 1951 696 1999 ante
724 1936 822 1998 aciem
846 1938 960 1997 locant.
1002 1937 1162 2000 Definitur
1183 1951 1214 2000 et
1235 1960 1297 1999 nn·

274 2071 398 2112 merus:
421 2053 543 2111 centeni
565 2071 606 2112 ex
628 2052 758 2129 singulis
777 2053 863 2130 pagis
885 2063 958 2111 sunt
977 2050 1072 2133 idque
1093 2054 1195 2133 ipsum
1214 2057 1298 2117 inter

276 2187 349 2228 suos
371 2178 542 2243 vocantur3
575 2177 606 2226 et
635 2163 722 2247 quod
746 2167 849 2246 primo
880 2186 1030 2228 numerus
1050 2168 1127 2246 tuit,
1153 2176 1215 2247 jam
1239 2193 1298 2234 no·

277 2301 349 2342 men
374 2291 403 2340 et
426 2280 532 2342 honor
553 2289 609 2340 est.
663 2277 754 2340 Acies
780 2298 837 2359 per
858 2299 974 2342 cuneos
997 2284 1207 2363 componitur.
1248 2305 1298 2348 ee·

277 2395 352 2457 dere
373 2396 452 2470 loco,
475 2390 646 2456 dummodo
668 2413 779 2455 rursus
802 2394 907 2470 instes,
930 2395 1053 2457 consilii
1073 2418 1167 2480 quam
1188 2400 1297 2461 formi-

276 2507 358 2570 dinis
389 2507 590 2569 arbitrantur.
654 2503 797 2588 Corpora
835 2528 966 2569 suornm
1001 2509 1093 2572 etiam
1127 2512 1162 2573 in
1194 2511 1298 2577 dubiis

275 2626 402 2710 proeliis
430 2626 584 2687 referunt.
628 2622 757 2686 Scotum
787 2623 950 2707 reliquisse
979 2629 1182 2707 praecipuum
1210 2628 1298 2710 flagi-

276 2742 371 2819 tinm3
396 2761 451 2801 nec
474 2750 528 2799 ortt
552 2738 646 2800 sacris
670 2738 778 2800 adesse
800 2749 854 2799 ant
876 2740 1042 2801 concilium
1063 2740 1143 2802 inire
1158 2741 1297 2821 ,ignomi-

277 2856 367 2918 nioso
396 2855 460 2930 fas,
493 2854 645 2936 multique
675 2855 855 2936 superstites
886 2857 1042 2917 bellorum
1063 2857 1224 2920 infamiam
1251 2862 1297 2921 la·

277 2989 359 3051 queo
383 2968 542 3031 finierunt.

246 3099 264 3147 7
360 3081 459 3160 Reges
479 3100 520 3139 ex
541 3080 713 3156 nobilitate,
737 3081 830 3142 duces
853 3102 893 3141 ex
915 3082 1031 3143 virtute
1051 3098 1189 3145 sumunt.
1230 3086 1297 3148 Nec

275 3194 402 3273 regibus
430 3194 551 3256 infinita
581 3207 635 3256 aut
663 3196 763 3256 libera
791 3208 945 3276 potestas,
975 3210 1006 3260 et
1035 3196 1129 3261 duces
1152 3204 1296 3284 exemplo

276 3308 380 3388 potius
405 3328 498 3390 qnam
520 3308 672 3390 imperio,
698 3309 725 3370 si
747 3311 900 3393 prompti,
930 3314 957 3372 si
978 3315 1154 3395 conspicui,
1177 3320 1205 3379 si
1225 3332 1296 3380 ante

277 3423 373 3484 aciem
408 3437 516 3503 agant,
557 3422 763 3488 admiratione
795 3437 955 3508 praesunt.
1010 3427 1157 3491 Ceterum
1192 3453 1296 3516 neque

277 3535 525 3601 animadvertere
546 3559 649 3621 neque
672 3540 806 3618 vincire,
827 3561 868 3601 ne
889 3541 1057 3603 verberare
1078 3542 1214 3623 quidem,
1236 3547 1297 3608 nisi

277 3649 490 3713 sacerdotibus
513 3654 805 3733 permissumz-non
828 3653 919 3735 quasi
939 3652 972 3714 in
994 3675 1138 3735 poenam,
1162 3678 1219 3718 nee
1238 3655 1296 3719 du·

277 3766 319 3827 cis
342 3770 447 3843 jussu,
480 3765 535 3828 sed
564 3769 647 3830 velut
676 3764 737 3828 deo
761 3764 950 3848 imperante,
980 3789 1075 3850 quem
1100 3767 1206 3831 adesse
1228 3771 1296 3832 bel·

276 3879 413 3941 lantibus
436 3880 585 3961 crednut3
616 3880 797 3962 effigiesque
822 3892 854 3940 et
876 3880 962 3960 signa
983 3880 1136 3964 quaedam
1158 3881 1295 3945 detracta

275 3996 353 4056 lueis
374 3995 408 4055 in
430 3998 583 4078 proelium
606 3997 721 4058 terunt.
765 3992 922 4077 Quodque
945 3997 1147 4078 praecipuum
1169 3998 1294 4061 fortitu·
