2934 4625
310 266 372 332 tto
659 257 722 325 EX
745 255 980 326 HISTORIIS

308 437 490 505 vellentium
518 453 584 496 non
608 444 721 516 potest.
765 433 821 497 sed
841 431 932 498 vobis
959 431 1131 495 maximum
1153 429 1334 510 discrimen,

308 573 404 635 penes
426 569 506 633 quos
526 569 639 610 aurum
660 561 691 611 et
711 570 797 631 opes,
818 548 1006 630 praecipuae
1029 548 1187 610 bellorum
1208 568 1335 610 causae.

308 664 441 747 proinde
464 684 573 745 pacem
596 675 628 725 et
647 665 771 743 urbem,
795 687 891 748 quam
910 664 984 728 victi
1005 664 1201 746 victoresque
1220 663 1334 725 eodem

261 841 269 852 ,
307 784 375 856 jure
398 777 591 853 obtinemus,
623 790 741 854 amate,
775 778 876 841 colite.
919 788 1069 840 moneant
1088 797 1145 841 vos
1167 776 1334 861 utriusque

307 892 455 954 fortunae
471 889 668 968 documenta,
690 911 731 952 ne
748 891 974 954 contumacium
992 912 1063 953 cum
1079 889 1218 972 pernicie
1236 913 1334 974 quam

309 1007 497 1090 obsequium
526 1028 597 1068 cum
626 1008 790 1070 securitate
816 1006 949 1069 malitis?
999 1006 1071 1069 Tali
1096 1006 1238 1069 oratione
1260 1028 1334 1087 gra·

309 1123 400 1185 viora
422 1131 593 1182 metuentes
613 1121 790 1200 composuit
810 1121 983 1203 erexitque.

225 1242 252 1303 4,
261 1242 296 1289 ⁷5
394 1235 600 1296 Tenebantur
623 1233 741 1296 victore
764 1235 903 1295 exercitu
924 1232 1071 1309 Treveri,
1100 1252 1199 1315 quum
1223 1230 1333 1296 Civilis

313 1366 343 1415 et
364 1351 518 1415 Classicus
539 1351 650 1411 misere
670 1349 711 1411 ad
732 1348 886 1411 Cerialem
908 1350 1070 1431 epistolas,
1100 1367 1235 1430 quarum
1254 1346 1334 1408 haec

311 1467 462 1528 sententia
484 1466 561 1525 luit:
596 1465 844 1544 Vespasianum,
872 1481 1053 1545 quanquam
1074 1459 1202 1524 nuntios
1227 1461 1335 1522 occul-

310 1593 421 1654 tarent,
443 1579 610 1639 excessisse
630 1581 704 1654 vita,
726 1579 838 1639 urbem
855 1590 948 1659 atque
967 1578 1088 1638 Italiam
1106 1577 1230 1637 interno
1248 1576 1335 1637 belIo

311 1705 537 1774 consumptam,
558 1690 701 1751 Muciani
722 1712 757 1751 ac
778 1689 952 1752 Domitiani
974 1709 1054 1752 vana
1074 1700 1104 1749 et
1124 1688 1191 1749 sine
1211 1687 1335 1751 viribus

311 1811 451 1872 nomina.
504 1808 531 1869 si
561 1805 691 1886 Cerialis
721 1808 888 1888 imperium
920 1806 1094 1868 Galliarum
1123 1805 1214 1883 velit,
1244 1806 1333 1890 ipsos

311 1924 427 1987 finibus
448 1925 607 1987 civitatum
630 1943 759 1984 suarum
782 1937 963 1986 contentos:
992 1925 1018 1985 si
1043 1924 1199 2006 proelium
1219 1923 1334 1998 mallet,

312 2060 353 2098 ne
384 2037 417 2099 id
446 2036 574 2120 quidem
603 2038 753 2097 abnuere.
795 2035 845 2097 Ad
867 2057 903 2098 ea
927 2035 1056 2098 Cerialis
1078 2035 1170 2098 Civili
1193 2048 1224 2096 et
1246 2033 1334 2095 Clas-

312 2154 376 2214 sico
401 2152 499 2213 nihil:
530 2171 601 2211 eum
625 2152 681 2231 qui
704 2153 867 2228 attulerat,
888 2151 971 2232 ipsas
994 2152 1139 2234 epistolas
1162 2150 1200 2214 ad
1220 2150 1333 2212 Domi-

311 2270 432 2329 tianum
454 2264 546 2327 misit.
592 2263 706 2326 Hostes
737 2261 843 2327 divisis
874 2264 971 2345 copiis
1000 2264 1154 2329 advenere
1182 2262 1335 2348 undique.

312 2383 455 2466 plerique
477 2383 645 2463 culpabant
667 2380 821 2444 Cerialem
842 2402 969 2463 passum
988 2383 1093 2462 jungi,
1116 2404 1195 2466 quos
1218 2378 1333 2445 discre-

313 2514 363 2563 tos
380 2499 568 2580 intercipere
585 2499 731 2562 licuisset.
774 2499 935 2561 Romanus
955 2500 1108 2560 exercitus
1130 2511 1229 2560 castra
1249 2498 1334 2559 fossa

314 2618 460 2698 valloque
482 2611 696 2690 circumdedit,
717 2611 788 2695 quis
809 2625 926 2673 temere
947 2626 1036 2675 antea
1056 2611 1164 2673 intutis
1184 2610 1335 2674 consede·

313 2741 372 2791 nat.
413 2726 509 2817 Apud
532 2728 706 2790 Germanos
730 2725 860 2790 diversis
883 2727 1043 2791 sententiis
1066 2728 1250 2789 certabatur.

230 2859 257 2921 4,
266 2858 301 2907 'ts
400 2843 507 2905 Civilis
530 2840 737 2924 opperiendas
759 2843 1075 2906 Transrhenanorum
1103 2817 1238 2921 gentes,
1255 2860 1335 2922 qua·

315 2981 387 3021 rum
414 2972 535 3021 terrore
565 2958 680 3020 fractae
708 2959 820 3039 populi
847 2959 971 3020 romani
1001 2957 1083 3022 uires
1107 2959 1335 3020 obtererentur.

315 3075 423 3136 Gallos
444 3072 521 3156 quid
544 3073 629 3133 aliud
652 3094 746 3154 quam
770 3071 920 3154 praedam
941 3070 1134 3137 victoribus?
1170 3086 1201 3132 et
1219 3086 1334 3147 tamen,

316 3184 402 3266 quod
430 3183 555 3246 roboris
584 3184 632 3258 sit,
662 3184 773 3260 Belgas
803 3203 907 3244 secum
935 3186 1038 3264 palam
1068 3196 1123 3246 aut
1146 3197 1219 3246 voto
1243 3198 1334 3247 stare.

314 3300 417 3360 Tutor
452 3294 648 3358 cunctatione
686 3315 825 3356 crescere
859 3316 927 3356 rem
961 3316 1125 3358 romanam
1161 3295 1336 3359 affirmabat

316 3410 501 3476 coeuntibus
529 3406 670 3490 undique
702 3407 900 3470 exercitibus.
942 3422 1147 3472 transvectam
1168 3430 1185 3471 e
1209 3409 1336 3470 Britan-

316 3527 369 3587 nia
390 3526 562 3604 legionem,
592 3523 702 3586 accitas
728 3545 769 3584 ex
789 3524 959 3606 Hispania,
986 3522 1154 3588 adventare
1175 3547 1216 3586 ex
1236 3525 1335 3605 Italia,

257 3675 260 3681 ·
316 3660 374 3700 nec
403 3640 541 3702 subitum
573 3640 702 3702 militem
733 3639 788 3702 sed
820 3655 958 3704 veterem
989 3655 1216 3725 expertumque
1249 3642 1336 3704 belli.

316 3775 390 3814 nam
413 3754 586 3817 Germanos
609 3756 664 3837 qui
686 3757 725 3817 ab
750 3756 826 3837 ipsis
847 3771 1013 3839 sperentur
1034 3779 1100 3821 non
1121 3759 1239 3836 juberi,
1270 3777 1336 3819 non

316 3868 392 3948 regI,
412 3866 466 3931 sed
487 3881 597 3951 cuncta
617 3889 658 3929 cx
676 3865 808 3930 libidine
828 3891 926 3949 agere,
948 3872 1176 3952 pecuniamque
1197 3891 1232 3930 ac
1253 3868 1337 3931 dona

319 3983 389 4065 quis
411 3985 484 4046 solis
506 3993 748 4062 corrumpantur
769 3989 888 4061 maiora
909 3982 993 4065 apud
1015 3983 1192 4058 Romanos,
1223 3994 1254 4042 et
1279 4002 1336 4042 ne-
