2934 4625
310 293 354 360 38
653 287 716 355 lttt
738 285 991 355 ANNALIBUS

313 468 416 529 minus
433 462 626 526 miserabiles
647 483 743 544 quam
762 480 843 545 quos
859 461 957 524 hostis
976 457 1191 524 circumsidet:
1213 460 1332 544 quippe

311 582 374 644 illis
397 580 491 643 etiam
514 580 664 642 honestae
684 578 794 640 mortis
816 595 905 654 usus,
926 577 976 639 his
996 577 1167 656 inglorium
1188 574 1333 638 exitium.

312 697 387 759 Lux
406 693 543 758 reddidit
565 707 699 768 terram,
728 703 991 776 penetratumque
1012 692 1051 755 ad
1073 714 1197 755 amnem
1217 693 1334 754 Visur-

312 807 433 891 gim*),
462 830 527 893 quo
557 829 663 872 caesar
690 809 787 872 classe
816 805 1031 871 contenderat.
1072 808 1238 889 impositae
1259 806 1333 868 dein

312 926 459 1006 legiones,
480 935 609 1005 vagante
630 925 713 987 fama
735 926 924 1005 submersas,
944 946 1002 987 nec
1021 923 1096 987 fides
1115 924 1224 987 salutis
1245 936 1335 987 ante·

315 1059 411 1121 quam
432 1058 587 1101 caesarem
610 1038 845 1123 exercitumque
866 1038 1014 1103 reducem
1033 1038 1153 1104 videre.

234 1168 298 1231 t,st
399 1152 466 1213 Jam
491 1150 659 1213 Stertinius
688 1149 727 1212 ad
758 1151 975 1234 accipiendum
1004 1152 1038 1214 in
1066 1150 1257 1215 deditionem
1277 1150 1336 1214 Se·

314 1267 484 1348 gimemsm,
512 1269 640 1330 fratrem
669 1266 803 1348 Segestis
833 1272 1023 1351 praemissus
1050 1270 1155 1351 ipsum
1180 1280 1211 1331 et
1235 1269 1336 1331 filium

317 1388 383 1460 clus
411 1383 446 1444 in
478 1382 634 1445 civitatem
662 1381 821 1446 Ubiorum
850 1382 1054 1463 perduxerat.
1106 1379 1179 1443 data
1208 1382 1335 1464 utrique

316 1496 425 1573 venia,
454 1494 545 1557 facile
566 1493 744 1575 Segimero,
774 1496 968 1561 cunctantius
990 1498 1073 1576 filio,
1095 1496 1171 1579 quia
1192 1494 1336 1574 Quintilii

316 1609 396 1671 Vari
419 1627 533 1690 corpus
554 1608 686 1670 illusisse
709 1606 880 1670 dicebatur.

231 1731 283 1793 ‘so
400 1720 443 1803 (a.
465 1715 521 1806 to)
544 1718 691 1783 Ceterum
709 1719 839 1782 Tiberio
860 1718 947 1783 haud
968 1722 1124 1802 ingratum
1139 1721 1250 1786 accidit
1268 1733 1336 1784 tur·

318 1836 386 1898 bari
406 1855 457 1899 res
477 1833 626 1914 Orientis,
646 1847 681 1899 ut
703 1856 741 1898 ea
760 1838 863 1918 specie
884 1836 1104 1898 Germanicum
1126 1837 1221 1899 suetis
1240 1834 1338 1915 legio·

318 1952 411 2015 nibus
435 1953 646 2031 abstraheret,
663 1953 832 2035 ¹nouisque
859 1952 1030 2033 provinciis
1054 1953 1237 2034 impositum
1263 1949 1339 2013 dolo

317 2064 411 2126 simul
436 2076 467 2126 et
493 2065 614 2128 casibus
637 2068 816 2143 oblectaret.
859 2068 901 2130 At
920 2068 991 2145 ille,
1020 2079 1138 2149 quamn
1159 2066 1282 2127 acriora
1302 2066 1340 2127 in

318 2200 391 2240 eum
415 2177 519 2241 studia
542 2179 676 2241 militum
700 2190 732 2241 et
753 2201 862 2244 aversa
884 2181 989 2262 patrui
1009 2181 1171 2258 voluntas,
1199 2182 1339 2241 celeran-

321 2291 379 2356 dae
401 2294 550 2358 victoriae
571 2294 725 2358 intentior
746 2308 877 2360 tractare
898 2295 1092 2379 proeliorum
1113 2294 1180 2360 rias
1205 2304 1236 2355 et
1256 2313 1340 2375 quae

320 2411 382 2474 sibi
403 2412 531 2474 tertium
558 2416 620 2489 lam
647 2411 983 2492 aunum-belligeranti
1003 2431 1094 2475 saeva
1115 2411 1167 2475 vel
1188 2428 1342 2491 prospera

321 2523 507 2588 evenissent.
547 2524 640 2588 fundi
661 2526 837 2589 Germanos
864 2526 930 2589 acie
952 2539 983 2588 et
1002 2524 1092 2604 justis
1115 2524 1210 2603 locis,
1237 2523 1342 2600 juvari
1419 2501 1423 2506 .

321 2641 424 2718 silvis,
455 2639 642 2722 paludibus,
671 2643 760 2706 brevi
789 2653 905 2704 aestate
933 2652 965 2704 et
992 2651 1192 2720 praematura
1219 2637 1341 2717 hieme:

322 2775 414 2818 suum
436 2756 564 2818 militem
585 2754 669 2818 haud
692 2755 824 2838 perinde
846 2754 1032 2821 vulneribus
1053 2776 1147 2839 Qum
1167 2754 1274 2836 spatiis
1291 2751 1344 2814 iti·

322 2889 442 2947 nerum,
467 2868 582 2930 damno
604 2889 765 2932 armorum
788 2868 886 2933 afficis
909 2869 1005 2931 fessas
1021 2867 1139 2930 Gallias
1162 2868 1343 2929 ministran-

323 2981 371 3046 dis
391 2962 499 3067 equis:
520 2986 647 3063 longum
671 2981 969 3065 impedimentorum
993 3002 1102 3062 agmen
1128 2992 1345 3062 opportunum

323 3094 362 3156 ad
381 3093 520 3172 insidias,
541 3093 775 3157 defensantibus
795 3096 952 3177 iniquum.
994 3106 1026 3153 at
1045 3093 1073 3153 si
1092 3066 1178 3152 mare
1197 3093 1344 3167 intretur,

322 3218 500 3288 promptam
520 3206 596 3284 ipsis
617 3206 845 3285 possessionem
868 3214 899 3264 et
919 3202 1063 3264 hostibus
1082 3202 1228 3281 ignotam,
1250 3203 1346 3264 simul

323 3321 441 3381 bellum
464 3315 616 3380 maturius
644 3316 741 3396 incipi
767 3316 968 3397 legionesque
994 3327 1025 3378 et
1048 3328 1238 3378 commeatus
1259 3317 1346 3398 pari·

267 3442 275 3452 ‘
323 3439 372 3491 ter
392 3427 482 3490 vehi:
510 3426 665 3506 integrum
688 3425 824 3507 equitem
846 3443 1008 3507 equosque
1028 3446 1087 3507 per
1107 3446 1164 3488 ora
1185 3437 1216 3488 et
1238 3428 1345 3491 alveos

325 3540 491 3604 fluminum
515 3538 617 3603 media
638 3537 673 3603 in
695 3536 864 3602 Germania
885 3539 965 3603 fore.

382 3796 407 3863 ⁸)
427 3796 563 3851 lectionem
587 3796 706 3852 codlcum
731 3812 783 3850 non
807 3802 879 3850 muto
902 3798 1018 3864 quamvls
1041 3798 1139 3852 ianam.
1183 3812 1259 3851 nemo
1276 3801 1344 3853 enirn

328 3896 405 3951 iacile
422 3896 483 3952 mibi
501 3900 659 3968 persuaserit
677 3898 794 3953 Hunsam
813 3898 990 3967 groniuglcam
1008 3899 1133 3952 Romanis
1159 3897 1210 3951 dicl
1228 3900 1343 3968 potuisse

328 3996 473 4066 Unsingins‚
492 3998 562 4066 quod
580 3998 694 4053 editores
711 3998 870 4052 recentiores
888 3997 943 4050 iere
961 4012 1050 4051 omnes
1067 4004 1228 4067 receperunt.
