2934 4625
501 273 563 342 EX
586 275 824 346 HISTORIIS
1128 278 1173 347 73

155 546 252 625 ‘sula
282 568 518 645 praesumebat,
550 566 654 629 medio
687 565 750 629 diei
779 570 971 631 temulentus
1002 579 1034 630 et
1066 568 1173 648 sagina

154 703 165 747 ;
205 675 269 752 vis,
299 698 396 760 quum
421 691 528 742 tamen
556 679 654 746 ardor
676 693 708 744 et
728 681 778 746 vis
804 682 940 743 militum
971 683 1055 745 ultro
1085 681 1173 744 ducis

151 808 196 847 m
214 789 260 851 'a
280 790 445 872 implebat,
475 807 511 856 ut
531 793 559 854 si
580 791 703 855 adesset
723 794 896 875 imperator
916 806 948 855 et
968 794 1102 856 strenuis
1122 797 1174 858 vel

152 900 160 917 '
189 925 269 991 ιιιι
300 924 388 985 spem
416 918 600 990 metumque
629 905 770 969 adderet.
819 906 969 969 Instrueti
998 906 1174 989 intentique

151 1014 273 1088 um
300 1019 504 1099 profectionis
530 1031 721 1102 exposcunt.
764 1019 892 1082 nomine
917 1020 1097 1083 Germanici
1116 1023 1174 1084 Vi-

151 1142 180 1188 te
217 1149 236 1189 o
264 1131 365 1192 statim
392 1130 517 1208 addi-to,
547 1152 706 1193 caesarem
726 1151 761 1194 se
786 1133 939 1214 appellari
960 1134 1053 1195 etiam
1073 1136 1174 1197 vietor

150 1264 185 1321 p
212 1243 324 1305 hibuit.
371 1243 505 1307 Laetum
537 1245 704 1326 augurium
731 1246 832 1309 Fabio
857 1248 985 1309 Valenti
1006 1249 1176 1311 exercitui·

151 1376 178 1441 q
203 1385 206 1392 ι
234 1378 328 1439 quem
348 1357 383 1419 in
404 1362 522 1422 belhan
544 1365 655 1441 agebat
675 1361 747 1444 ipso
769 1362 974 1443 profectionis
998 1361 1048 1425 die
1070 1366 1176 1447 aquila

150 1469 183 1547 18
206 1470 213 1484 ’
235 1483 350 1548 meatu,
370 1486 467 1553 prout
482 1494 591 1552 agmen
612 1473 783 1554 incederet,
806 1477 894 1538 velut
911 1474 978 1538 dux
992 1477 1062 1540 viae
1082 1500 1175 1559 prae·

162 1668 165 1673 Ι
205 1585 283 1663 avit,
313 1588 507 1668 longumque
527 1607 586 1667 per
607 1586 745 1666 spatium
766 1588 794 1647 is
817 1586 1017 1666 gaudentium
1039 1591 1176 1653 militum

158 1766 162 1773 f
182 1719 288 1771 mor,
317 1720 354 1760 ea
376 1700 465 1782 quies
485 1699 648 1762 interritae
671 1700 754 1761 alitis
774 1700 852 1778 suit,
882 1712 917 1762 ιιι
937 1700 1023 1763 haud
1044 1701 1177 1765 dubium

150 1891 151 1894 8
171 1834 281 1893 agnae
301 1826 333 1875 et
351 1835 523 1895 prosperae
542 1813 592 1877 rei
613 1835 707 1877 omen
728 1813 931 1895 acciperetur.

136 1934 150 1978 ἱ
237 1929 278 1988 Ει
294 1928 452 1991 Treveros
468 1928 596 2012 quidem
618 1943 654 1993 ut
673 1928 776 1992 socios
796 1929 900 1991 securi
918 1927 1034 1993 adiere.
1075 1928 1177 1992 Divo-
1192 1949 1261 2011 gas

151 2038 224 2102 duri
243 2040 568 2123 (Mediomatrieorum
585 2041 619 2105 id
638 2040 793 2124 oppidum
811 2038 869 2125 est)
889 2063 1072 2124 quanquam
1090 2042 1178 2105 omni

122 2242 124 2245 .
149 2157 294 2218 comitate
316 2170 463 2237 exceptos
486 2157 608 2221 subitus
629 2176 735 2238 pavor
754 2157 867 2217 terruit
888 2155 985 2237 raptis
1007 2155 1176 2236 derepente

152 2273 245 2335 armis
275 2270 314 2334 ad
344 2272 470 2336 caedem
499 2273 650 2337 innoxiae
682 2270 831 2348 civitatis,
860 2291 925 2333 non
956 2271 997 2334 ob
1026 2269 1176 2354 praedam

103 2383 105 2388 ’
151 2397 205 2446 aut
226 2385 383 2466 spoliandi
407 2386 602 2470 cupidinem,
634 2385 691 2451 sed
719 2388 829 2448 furore
858 2400 889 2448 et
913 2388 1001 2448 rabie
1023 2399 1054 2448 et
1077 2387 1177 2448 causis

92 2535 96 2584 3
152 2498 279 2559 incertis
311 2519 412 2581 eoque
444 2498 675 2566 difficilioribus
704 2499 869 2577 remediis,
902 2500 1003 2562 donee
1030 2501 1177 2582 precibus

87 2626 91 2651 f
151 2606 240 2672 ducis
265 2612 397 2692 mitigati
425 2616 465 2675 ab
495 2613 620 2677 excidio
655 2614 786 2679 civitatis
816 2625 1041 2695 temperavere.
1088 2631 1178 2674 caesa

150 2738 255 2788 tamen
278 2724 319 2788 ad
340 2741 490 2811 quattuor
513 2730 612 2792 millia
635 2731 811 2792 homiuum.
857 2732 952 2812 Isque
972 2741 1079 2792 terror
1100 2729 1177 2791 Gal·

151 2841 208 2901 Iias
229 2840 361 2920 invasit,
389 2856 425 2905 ut
445 2845 586 2907 venienti
608 2853 692 2925 tnrox
713 2845 830 2926 agmini
850 2846 1016 2912 universae
1038 2847 1177 2913 civitates

151 2975 223 3014 eum
252 2954 483 3033 magistratibus
514 2968 545 3017 et
566 2957 714 3037 precibus
742 2972 959 3037 occurrerent,
989 2961 1091 3021 stratis
1118 2980 1177 3039 per

151 3067 217 3129 vias
238 3067 364 3131 feminis
385 3068 566 3150 puerisque,
588 3064 734 3152 quaeque
757 3071 817 3131 alia
838 3072 1034 3152 placamenta
1054 3070 1176 3133 hostilis

150 3180 215 3243 irae
240 3201 306 3242 non
328 3181 456 3265 quidem
475 3184 508 3244 in
535 3184 618 3245 bello
642 3182 698 3247 sed
720 3206 781 3265 pro
806 3206 883 3265 pace
907 3185 1126 3248 tendebantur.

106 3284 108 3287 ’
235 3291 392 3358 Nuntium
419 3296 458 3358 de
484 3296 579 3359 caede
602 3298 723 3361 Galbae
746 3312 778 3360 et
801 3300 935 3380 imperio
960 3296 1095 3363 Othonis
1115 3299 1177 3361 Fa·
1191 3318 1260 3381 1,64

151 3403 223 3466 hius
242 3406 360 3471 Valens
380 3409 413 3471 in
436 3409 560 3474 civitate
580 3411 763 3476 Leucorum
784 3414 915 3494 aceepit.
962 3435 1020 3476 ner
1041 3415 1176 3475 militum

152 3519 275 3581 animus
298 3522 333 3582 in
355 3524 503 3603 gaudium
535 3540 589 3589 aut
613 3526 815 3589 formidinem
844 3539 1024 3607 permotust
1058 3529 1177 3591 bellum

151 3634 309 3697 volvebat.
357 3637 456 3701 Gallis
476 3644 633 3704 cunctatIo
658 3653 820 3723 exempta,
849 3653 879 3702 et
903 3639 938 3700 in
961 3637 1119 3704 Othonem
1140 3663 1177 3703 ac

150 3747 315 3810 Vitellium
343 3747 452 3813 odium
478 3775 554 3833 par,
584 3773 625 3814 ex
652 3753 783 3815 Vitellio
814 3765 845 3815 et
868 3765 981 3815 metus.
1026 3752 1177 3815 Proxima

151 3859 330 3940 Lingonum
361 3863 469 3927 civitas
498 3877 566 3928 erat
594 3862 658 3926 fida
685 3866 840 3945 partibus.
869 3866 1022 3945 ‘benigne
1054 3862 1177 3941 excepti

152 3971 303 4037 modestia
333 3990 499 4041 certavere.
549 3974 612 4040 Sed
637 3978 744 4041 brevis
771 3977 888 4041 laetitia
914 3978 972 4040 suit
999 3972 1175 4038 cohortium
