2934 4625
382 821 393 926 Ϊ
446 864 676 996 uuororu
701 843 915 942 antron.
1009 970 1011 976 Ι
1117 859 1119 864 ·

253 1194 354 1292 Quae
383 1211 416 1272 ,te
450 1221 607 1270 moneant
640 1221 751 1295 pauca
785 1209 874 1267 sunt.
926 1189 1013 1266 nihil
1039 1192 1195 1293 exquisiti

174 1345 237 1400 aut.
257 1326 431 1402 reconditi
451 1345 623 1428 exspectes
653 1327 698 1402 ab
731 1327 880 1401 editione
906 1326 943 1399 in
969 1353 1068 1400 usum
1095 1352 1195 1425 prae-

173 1456 339 1547 lectionis,
365 1486 467 1558 quam
494 1458 559 1543 bac
581 1458 693 1534 bieme
719 1458 763 1532 de
787 1457 898 1533 Taciti
921 1457 1106 1532 Germania
1133 1457 1195 1530 ba-

173 1587 250 1676 beo,
275 1587 443 1673 festinata
493 1588 535 1660 ld
561 1606 673 1662 autem
697 1588 913 1687 potissimum
939 1587 1073 1662 consilii
1098 1614 1196 1661 secu-

174 1734 246 1790 tus<
261 1744 356 1805 sum,
384 1729 464 1805 ut,
483 1715 578 1817 quod
605 1743 631 1789 a
661 1716 798 1789 nemine
824 1715 957 1789 factum
988 1743 1062 1789 esse
1086 1714 1197 1803 video,

175 1844 269 1920 locos
298 1874 338 1920 ex
364 1843 565 1935 annalibus,
590 1844 761 1936 historiis,
786 1845 853 1944 vita
879 1845 1027 1948 denique
1052 1845 1196 1945 Agrico-

175 1974 247 2065 lae,
273 1976 399 2078 quibus
421 2004 476 2051 res
498 1994 636 2051 nostrae
660 1975 893 2067 illustrantur,
919 2004 1037 2051 omnes
1052 2005 1102 2051 -ac
1125 1976 1197 2050 sin-

175 2106 276 2204 gulos
311 2108 516 2182 Germaniae
549 2108 742 2209 adjicerem.
802 2109 849 2183 ita
886 2137 1011 2211 operae
1043 2111 1197 2212 pretium

175 2238 296 2314 secisse
321 2239 406 2315 mihi
432 2239 585 2329 videbor,
610 2239 640 2314 si
665 2239 1027 2342 patriae'antiquitatis
1052 2239 1196 2314 studiosi

178 2372 376 2447 accuratius?
395 2373 595 2473 perspicere.
611 2389 645 2445 et
671 2398 870 2474 comparare
894 2370 1086 2471 potuerint,
1112 2399 1199 2473 quac

175 2518 285 2573 totum
323 2528 411 2601 opus
448 2499 597 2598 legentes
636 2499 777 2600 ejusque
816 2499 1039 2575 delectatione
1080 2521 1200 2601 captos

177 2630 276 2705 facile
310 2630 486 2728 effugiant.
549 2630 594 2704 de
624 2630 759 2729 integra
794 2631 990 2703 narratione
1022 2630 1200 2703 seditionis

176 2759 350 2858 legionum
386 2759 679 2858 germanicarum,
712 2787 732 2831 a
766 2757 871 2832 rebus
900 2759 1027 2833 nostris
1060 2759 1199 2860 proprie

178 2890 325 2980 alienae,
368 2889 551 2964 inserenda
589 2887 764 2977 dubitavi;
808 2904 938 2961 motum
982 2887 1199 2977 vitellianum,

181 3049 258 3094 cum
293 3019 478 3095 rebellione
514 3019 628 3094 Civilis
660 3019 779 3094 intime
814 3046 1023 3109 connexum,
1063 3019 1201 3118 longius

178 3180 356 3255 excerpere
380 3182 452 3226 non
479 3152 588 3227 omisi.
640 3152 797 3226 Ceterum
820 3150 857 3224 in
883 3148 1084 3249 refingendo
1108 3167 1199 3223 textu

178 3313 301 3385 parum
328 3284 469 3359 discessi
497 3283 681 3359 electione
711 3284 849 3385 optimis
874 3284 1036 3374 Belleri,
1064 3287 1200 3386 Ruper-

179 3417 236 3503 tii,
268 3416 465 3506 Waltheri,
500 3415 622 3491 Baebii
651 3414 859 3489 editionibus
880 3412 1032 3504 firmata,
1066 3432 1202 3514 praeter

181 3572 267 3646 quas
307 3563 339 3618 et
378 3546 564 3620 Germania
599 3546 773 3636 Passovii,
811 3543 943 3634 Hessii,
980 3543 1200 3644 omniumque

181 3672 365 3747 novissima
400 3701 438 3749 ac
473 3675 543 3749 lere
577 3675 837 3775 castigatissima
872 3673 1045 3749 Gerlacbii
1080 3675 1200 3748 merito

181 3835 200 3880 a
234 3834 288 3880 me
322 3804 476 3881 adhibita
510 3825 568 3881 est.
630 3807 748 3905 Quum
781 3826 893 3883 tamen
929 3808 966 3882 in
1002 3808 1200 3883 nominibus

180 3936 432 4010 Germanorum
458 3936 608 4038 propriis
634 3953 760 4012 textum
782 3938 967 4013 inveterato
994 3966 1094 4039 saepe
1120 3936 1200 4009 vitio
