2934 4625
318 272 363 338 to
665 265 728 334 IIII
750 261 985 333 HISTORIIS

316 444 477 507 ordinibus
491 445 602 506 fessos.
629 440 691 505 Sed
705 439 812 506 addito
824 441 925 523 spatio
938 437 1114 503 rediturum
1128 450 1158 500 et
1170 435 1219 502 his
1234 438 1337 502 robur

316 559 515 621 meditatione
533 559 618 620 belli.
659 579 716 620 nec
732 560 843 639 procul
857 555 1073 632 Germaniam,
1095 551 1180 615 unde
1198 551 1292 642 uires

230 683 283 745 9,.ἰ
401 675 445 760 (a.
466 672 522 759 69)
544 696 579 737 ac
600 696 640 736 ne
662 676 798 737 inermes
825 671 1007 755 proviaciae
1033 670 1175 734 barbaris
1197 667 1335 732 nationi·

315 793 374 853 bus
396 800 645 872 exponerentur,
673 789 831 871 principes
851 786 1066 852 Sarmatarum
1085 784 1255 864 Jazugum,
1276 803 1333 863 pe-

315 924 370 965 nes
390 922 470 987 quos
490 902 623 967 civitatis
642 903 791 981 regimen,
812 902 847 963 in
868 899 1083 962 commilitium
1102 895 1223 960 adsciti.
1263 896 1337 976 ple·v

313 1018 385 1078 bem
402 1036 530 1099 quoque
546 1029 577 1079 et
590 1016 655 1081 vim
671 1016 821 1099 equitum,
840 1036 904 1099 qua
919 1017 985 1079 sola
1001 1015 1117 1090 valent,
1137 1012 1333 1074 offerebantt

313 1133 477 1193 remissum
491 1129 523 1191 id
537 1151 670 1206 munus,
691 1151 732 1192 ue
748 1130 831 1192 inter
848 1127 1018 1191 discordias
1036 1138 1166 1188 externa
1181 1123 1331 1187 moIIren·

313 1255 366 1302 tur
387 1256 441 1304 aut
461 1249 577 1321 majore
599 1264 640 1304 ex
661 1241 786 1305 direrso
807 1238 949 1303 mercede
970 1248 1020 1320 jus
1038 1242 1148 1322 fasque
1167 1248 1332 1300 exuerent.

311 1355 340 1415 T
341 1356 496 1418 rabuntur
516 1356 550 1416 in
571 1368 676 1437 partas
694 1354 772 1419 Sido
787 1368 881 1439 atque
896 1355 1022 1419 Italicus
1038 1372 1127 1436 reges
1142 1354 1329 1432 Suevorum,

310 1472 382 1553 quis
403 1483 493 1535 vetus
511 1472 699 1555 obsequium
720 1492 793 1553 erga
809 1473 979 1549 Romanos,
1004 1485 1035 1534 et
1054 1492 1129 1553 gens
1149 1469 1222 1533 fidei
1242 1491 1330 1534 com·

308 1588 419 1649 missae
431 1587 610 1667 patientior.
637 1588 744 1660 Posita
755 1588 788 1649 in
801 1589 882 1651 latus
893 1588 1011 1650 auxilia
1022 1589 1135 1651 infesta
1145 1587 1261 1663 Raetia,
1276 1585 1329 1647 cui

307 1702 438 1764 Porcius
454 1700 647 1783 Septiminus
664 1714 852 1783 procurator
865 1714 940 1780 erat,
961 1700 1162 1783 incorruptae
1180 1719 1252 1779 erga
1266 1698 1328 1761 Vi·

304 1813 426 1875 tellium
439 1812 522 1876 fidei.
551 1813 651 1892 Igitur
660 1812 810 1875 Sextilius
820 1813 912 1878 Felix
924 1834 994 1876 cum
1008 1816 1057 1875 ala
1068 1814 1200 1877 calmana
1209 1824 1241 1873 ct
1253 1821 1325 1874 octo

305 1926 488 1989 cohortibus
504 1948 540 1988 ac
554 1926 744 1988 Noricorum
759 1930 923 2003 juventate
941 1923 981 1987 ad
994 1924 1209 2007 occupandam
1224 1924 1326 2005 ripam

303 2041 385 2102 Aeni
401 2039 550 2116 fluminis,
569 2037 656 2121 quod
672 2040 786 2102 Raetos
803 2039 1001 2122 Noricosque
1018 2038 1179 2114 interfluit,
1198 2040 1323 2098 mIssus.

219 2166 246 2227 a,
259 2167 291 2217 ts
387 2149 431 2235 (a.
453 2147 509 2236 69)
536 2151 631 2214 simul
654 2152 766 2233 ingens
793 2152 1024 2216 Germanorum
1044 2154 1092 2216 vis
1118 2173 1177 2235 per
1198 2152 1326 2217 Raetias

303 2267 483 2328 tImcbatur.

140 2448 143 2453 ,
218 2397 245 2458 a,
253 2395 288 2445 21
388 2380 464 2445 Sido
489 2392 583 2466 atque
604 2381 729 2446 Italicus
750 2380 849 2447 Suavi
875 2405 947 2446 cum
974 2383 1100 2448 delectis
1119 2384 1323 2467 popularium

302 2500 435 2580 primori
454 2499 486 2560 in
509 2499 573 2561 acie
593 2501 811 2562 versabantur.

217 2629 288 2691 ³‚35
388 2607 432 2695 (a.
454 2608 509 2694 69)
534 2611 569 2672 in
595 2611 728 2673 Galliam
757 2611 875 2672 Iulium
903 2608 1055 2672 Calenum
1075 2611 1255 2690 tribunum,
1285 2612 1320 2674 in

303 2726 504 2790 Germaniam
533 2725 695 2807 Alpinium
725 2726 914 2787 Montanum
947 2726 1141 2806 praefectum
1173 2727 1321 2803 cohortis,

302 2839 389 2921 quod
416 2840 467 2901 hic
494 2840 625 2917 Trevir,
657 2838 793 2903 Calenus
815 2839 965 2916 Aeduus,
996 2855 1129 2925 uterque
1158 2841 1320 2905 Vitelliani

300 2957 443 3035 fuerant,
471 2955 607 3018 ostentui
627 2955 749 3018 misere.
792 2954 887 3016 simul
906 2952 1055 3016 transitus
1078 2953 1207 3035 Alpium
1227 2974 1321 3037 prae·

300 3068 387 3130 sidiis
410 3070 572 3150 occupati,
599 3081 741 3148 suspecta
769 3069 953 3144 Germania',
984 3081 1134 3150 tanquam
1163 3068 1198 3127 iu
1227 3068 1321 3132 auxi·

298 3179 376 3241 lium
397 3180 518 3243 Vitellii
538 3180 760 3259 accingeretur.

214 3311 241 3374 a,
249 3311 282 3362 41
382 3286 426 3374 (a.
448 3290 503 3370 69)
525 3291 581 3353 ubi
602 3290 724 3369 cognito
741 3311 864 3371 pugnae
885 3290 1096 3353 cremonensis
1118 3303 1234 3355 eventu
1251 3313 1317 3355 non

297 3401 445 3480 ignavum
473 3414 505 3463 et
533 3403 561 3465 si
586 3403 897 3484 provenissetatrox
926 3405 1089 3467 consilium
1114 3405 1186 3467 iniit
1201 3399 1247 3488 *),
1281 3417 1318 3467 ut

299 3519 431 3599 arreptis
460 3518 592 3582 navibus
625 3519 660 3580 in
697 3540 918 3604 quaemcunque
955 3532 1076 3602 partem
1108 3521 1316 3584 narbonensis

297 3633 476 3711 provinciae
498 3652 637 3712 egresms
662 3631 797 3710 Gallias,
825 3647 856 3696 et
875 3634 1051 3715 exercitus,
1077 3647 1108 3698 et
1130 3634 1316 3698 Germaniae

296 3757 402 3826 gentes
423 3767 604 3829 novumque
626 3748 746 3810 bellum
767 3747 872 3810 cieret.

348 3972 380 4039 ⁸)·
394 3973 497 4026 Valens.
