2934 4625
497 273 559 342 EX
582 274 820 345 HISTORIIS
1124 275 1168 345 73

149 446 296 510 Vitellius
318 459 350 510 et
366 448 525 512 fortunam
545 449 741 533 principatus
758 448 853 513 inerti
870 451 951 513 luxu
972 471 1008 514 ac
1028 449 1167 534 prodigis

148 562 249 643 epulis
279 568 514 645 praesumebat,
546 565 650 629 medio
683 564 748 628 diei
776 569 967 629 temulentus
999 578 1030 627 et
1062 566 1168 646 sagina

146 676 266 755 gravis,
296 698 393 759 quum
418 690 523 741 tamen
552 677 650 743 ardor
672 692 703 743 et
724 680 774 745 vis
800 680 936 741 miiitum
967 681 1051 743 ultro
1081 679 1169 742 ducis

148 790 257 851 munia
277 790 442 872 implebat,
472 806 507 857 ut
527 792 554 853 si
576 790 699 854 adesset
719 793 892 874 imperator
913 804 944 853 ct
964 791 1098 854 strenuis
1118 794 1170 855 vel

146 901 266 982 ignavis
297 925 385 986 spem
413 917 595 989 metumque
625 903 766 968 adderet.
815 904 965 968 Instructi
994 904 1170 987 intentique

148 1015 270 1094 signum
297 1019 501 1100 proiectIonis
526 1030 717 1100 exposcunt.
760 1018 889 1080 nomine
913 1018 1093 1081 Germanici
1112 1021 1171 1082 Vi-

148 1131 234 1191 tellio
261 1132 362 1193 statim
389 1130 514 1208 addito,
544 1152 702 1193 caesarem
723 1151 757 1192 se
782 1132 936 1211 appellari
957 1132 1050 1193 etiam
1069 1134 1171 1195 victor

147 1244 321 1323 prohibuit.
368 1243 503 1307 Laetum
534 1245 701 1326 augurium
728 1244 830 1307 Fabio
854 1246 982 1307 Valenti
1003 1246 1172 1308 exercitui·

148 1376 210 1437 que
231 1378 326 1439 quem
346 1357 381 1420 in
401 1362 520 1423 bcIIrnn
541 1365 652 1441 agebat
672 1360 744 1442 ipso
766 1360 971 1442 profectionis
995 1359 1044 1423 die
1066 1364 1172 1444 aquila

148 1470 213 1530 leni
233 1484 348 1549 meatu,
367 1485 465 1553 prout
479 1494 589 1553 agmen
610 1473 780 1554 incederet,
803 1476 890 1537 velut
908 1471 975 1536 dux
990 1475 1060 1539 uiae
1080 1497 1172 1557 prae·

148 1586 281 1663 volarit,
312 1588 505 1670 longumque
524 1607 583 1667 per
604 1586 741 1667 spatium
763 1586 790 1646 is
814 1585 1014 1665 gaudentium
1036 1590 1172 1651 militum

150 1701 286 1772 clamor,
314 1720 351 1761 ea
373 1700 463 1782 quies
482 1699 645 1762 interritae
668 1700 750 1760 alitis
770 1699 832 1762 fuit
839 1743 848 1777 ,
878 1711 913 1762 ut
933 1698 1020 1762 haud
1041 1699 1173 1764 dubium

150 1835 279 1895 maguae
299 1826 331 1876 et
349 1836 521 1896 prosperae
539 1814 589 1876 rei
610 1835 703 1877 omen
724 1812 928 1896 acciperetur.

235 1930 276 1989 Et
291 1929 450 1992 Treveros
465 1927 593 2012 quidem
615 1943 651 1992 ut
670 1928 772 1992 socios
791 1929 896 1990 securi
915 1927 1031 1992 adiere.
1072 1927 1173 1988 Divo·
1188 1947 1258 2010 gas

149 2040 566 2136 duri(Mcdiomatricorum
582 2041 616 2105 id
635 2040 789 2124 oppidum
807 2038 866 2125 est)
886 2062 1069 2124 quanquam
1088 2041 1174 2104 omni

149 2159 293 2220 comitate
315 2172 460 2240 succeptus
484 2158 606 2223 subitus
627 2177 731 2240 pavor
751 2158 864 2219 terruit
885 2155 983 2237 raptis
1004 2154 1174 2235 derepente

151 2275 245 2337 armis
274 2271 313 2335 ad
343 2273 469 2338 caedem
497 2274 648 2338 innoxiae
679 2272 829 2350 civitatis,
859 2293 923 2334 non
954 2274 995 2335 ob
1024 2269 1174 2353 praedam

151 2398 205 2447 aut
225 2386 381 2467 spoliandi
406 2386 601 2470 cupidinem,
632 2385 688 2450 sed
716 2389 827 2448 furore
856 2399 887 2447 et
911 2388 998 2447 rabie
1021 2399 1052 2447 et
1075 2387 1174 2447 causis

151 2499 277 2560 incertis
309 2518 411 2581 eoque
443 2498 672 2563 difficilioribus
702 2498 867 2575 remediis,
901 2498 1001 2560 donec
1028 2500 1175 2580 precibus

150 2608 239 2673 ducis
265 2612 395 2692 mitigati
424 2615 464 2674 ab
494 2610 618 2676 excidio
653 2611 784 2675 ciuitatis
815 2623 1039 2691 temperavere.
1087 2630 1176 2672 caesa

150 2740 254 2788 tamen
277 2725 318 2789 ad
339 2740 490 2811 quattuor
512 2728 611 2791 millia
633 2728 810 2789 hominum.
855 2729 950 2809 Isque
971 2740 1077 2789 terror
1098 2725 1175 2788 Gal·

150 2842 208 2903 lias
228 2841 360 2921 invasit,
387 2855 424 2905 ut
444 2843 584 2906 venienti
607 2852 690 2923 tmox
711 2843 828 2924 agmini
849 2844 1015 2909 universae
1036 2844 1175 2909 civitates

151 2976 222 3016 cum
251 2955 481 3034 magistratibus
512 2968 543 3017 et
564 2955 712 3035 precibus
740 2968 957 3034 occurrerent,
988 2957 1090 3018 stratis
1117 2977 1176 3036 per

151 3068 217 3131 vias
238 3068 363 3132 feminis
383 3068 563 3151 puerisque,
586 3062 731 3152 quaeque
755 3069 815 3128 alia
836 3069 1032 3148 placamenta
1053 3067 1174 3130 hostilis

150 3180 215 3244 irae
239 3202 305 3244 non
326 3182 454 3266 quidem
472 3183 507 3246 in
533 3184 616 3245 bello
640 3181 695 3246 sed
719 3204 780 3265 pro
804 3204 882 3263 pace
906 3182 1126 3246 tendebantur.

235 3293 391 3358 Nuntium
418 3296 457 3359 de
483 3296 578 3360 caede
601 3297 721 3360 Galbae
744 3310 776 3359 et
799 3297 934 3378 imperio
959 3293 1093 3360 Othonis
1114 3295 1259 3377 Fa-1,st

152 3404 223 3467 bius
242 3407 359 3471 Valens
380 3410 413 3471 in
436 3410 558 3474 civitate
579 3411 761 3475 Leucorum
783 3411 914 3492 accepit.
961 3432 1019 3473 nec
1040 3412 1175 3473 militum

152 3519 275 3581 animus
298 3522 332 3581 in
355 3523 502 3602 gaudium
535 3538 589 3588 aut
612 3523 815 3587 formidinem
843 3537 1024 3605 pennotus:
1057 3526 1177 3586 bellum

152 3635 310 3699 volvebat.
358 3637 455 3699 Gallis
476 3642 633 3702 cunctatio
657 3651 819 3719 exempta,
848 3650 878 3699 et
904 3637 938 3697 in
960 3633 1119 3700 Othonem
1140 3659 1176 3699 ac

151 3749 315 3811 Vitellium
344 3746 453 3811 odium
478 3771 554 3830 par,
584 3771 625 3812 ex
652 3750 783 3815 Vitellio
814 3761 846 3811 et
868 3761 980 3811 metus.
1026 3748 1176 3811 Proxima

152 3860 331 3941 Lingonum
362 3861 470 3925 civitas
499 3874 567 3925 erat
594 3860 658 3924 fida
685 3863 840 3942 partibus.
869 3862 1023 3941 ,benigne
1054 3858 1177 3938 excepti

155 3972 304 4037 modestia
334 3988 499 4041 certavere.
550 3972 612 4038 Sed
637 3975 744 4038 brevis
770 3973 888 4038 laetitia
915 3974 973 4036 suit
1000 3970 1175 4035 cohortium
