2934 4625
504 294 568 365 llll
588 293 827 366 HISTORIIS
1128 299 1172 368 st

140 467 200 533 tiis
221 447 395 551 Gallorum,
416 471 473 556 qui
487 469 597 555 ¹primo
617 494 686 537 rem
705 493 870 539 romanam
890 469 982 538 enixa
1002 471 1169 553 jurabant:

148 606 224 649 mox
250 563 480 678 valescentibus
502 583 674 652 'Germanis
694 589 866 673 pleraeque
892 580 1029 654 civitates
1055 585 1169 652 adver·

147 719 218 761 sum
239 719 298 762 nos
322 702 440 764 armari
456 719 516 783 ‘spe
535 702 698 780 libertatis,
720 712 752 764 et
774 699 802 792 si
826 701 986 765 exuissent
1004 695 1168 766 seruitium

147 811 294 906 cupidine
315 812 530 896 imperitandi.
567 812 727 908 Gliscebat
741 812 906 879 iracundia
921 812 1090 896 legionum,
1108 834 1167 876 nec

144 939 300 1024 terrorem
329 928 425 991 unius
452 928 560 992 militis
586 930 714 1024 vincula
740 919 931 993 indiderant.
982 928 1061 1013 quin
1080 926 1166 991 idem

144 1019 208 1104 ille
219 1047 370 1123 arguebat
388 1047 473 1107 ultro
495 1017 715 1108 conscientiam
737 1042 843 1122 ducis,
863 1055 1015 1128 tanquam
1035 1041 1166 1104 nuntius

144 1156 228 1220 inter
254 1156 386 1221 Civilem
413 1158 624 1242 Flaccumque
653 1158 734 1222 falso
756 1157 887 1221 crimine
911 1157 997 1220 testis
1017 1151 1087 1221 veli
1107 1175 1166 1236 op·

143 1273 347 1370 primeretur.
388 1272 577 1340 Conscendit
600 1275 742 1339 tribunal
764 1274 889 1338 Vocula
913 1274 994 1335 mira
1019 1282 1165 1334 constan·

137 1387 188 1449 'tia
212 1363 465 1473 prehensumque
491 1391 622 1453 militem
644 1411 680 1456 ac
701 1390 929 1455 vociferantem
950 1385 1023 1450 duci
1045 1383 1165 1469 suppli-

144 1503 227 1567 cium
247 1505 347 1582 jussit.
390 1518 422 1569 et
442 1505 518 1580 dum
540 1505 615 1570 mali
635 1480 763 1589 patent,
784 1507 922 1600 optimus
943 1506 1077 1588 quisque
1098 1508 1164 1582 jus·

143 1618 185 1680 sis
208 1639 354 1701 paruere.
395 1620 481 1683 Exin
508 1639 663 1684 consensu
692 1619 805 1685 ducem
827 1620 982 1683 Voculam
1007 1618 1164 1701 poscenti·

142 1735 203 1795 bus
222 1729 353 1795 Flaccus
373 1750 527 1795 summam
546 1754 655 1797 rerum
676 1730 706 1797 ei
725 1729 879 1816 permisit.

136 1857 143 1866 '
228 1835 292 1910 scd
313 1822 474 1910 discordes
495 1846 617 1909 animos
637 1847 738 1908 multa
759 1842 950 1924 efferebant,
962 1821 967 1828 ’
979 1835 1089 1944 inopia
1109 1838 1164 1903 sti·
1178 1849 1248 1915 ms

135 1958 251 2064 'pendii
270 1961 501 2060 frumentique,
532 1971 565 2027 et
590 1959 684 2025 simul
709 1956 865 2025 delectum
885 1941 1066 2041 tributaque
1089 1957 1164 2020 Gal·

140 2073 202 2137 Iiae
230 2089 449 2157 aspernantes,
481 2076 613 2138 Rhenus
640 2074 800 2158 incognita
827 2073 876 2137 illi
905 2071 994 2139 coelo'
1025 2071 1162 2135 siccitate

139 2190 196 2254 vix
217 2191 346 2255 navium
367 2169 499 2288 patiens,
520 2190 580 2255 arti
600 2203 802 2270 commeatus,
824 2163 992 2275 dispositae
1013 2213 1071 2273 per
1093 2212 1162 2254 om·

140 2320 220 2368 nem
245 2305 347 2387 ripam
377 2306 546 2401 ιιιιιίοιιιιι,Ι
578 2328 660 2392 quae
689 2306 864 2371 Germanos
894 2303 977 2372 vado
1009 2317 1161 2384 arcerent,

141 2417 314 2501 eademque
344 2417 385 2481 de
413 2439 505 2482 causa
533 2417 638 2510 minus
667 2420 795 2499 frugum
822 2432 853 2482 et
874 2414 982 2511 plures
1006 2419 1063 2501 qui
1085 2439 1161 2482 con-

139 2530 311 2596 sumerent.
366 2504 460 2613 Apud
489 2526 652 2610 imperitos
682 2528 837 2612 prodigii
847 2530 918 2591 loco
949 2528 1177 2610 accipiebatur*

137 2644 207 2728 ipsa
230 2664 384 2729 aquatum
408 2641 561 2726 penuria,
590 2654 741 2726 tanquam
763 2662 823 2704 nos
844 2661 952 2704 onmes
981 2660 1108 2724 quoque
1130 2653 1161 2703 et

138 2773 246 2824 vetera
276 2758 403 2843 imperii
432 2734 628 2820 munimenta
656 2757 847 2821 desererent.
902 2755 988 2840 quod
1016 2756 1051 2816 in
1081 2776 1158 2839 pace

137 2877 205 2938 fors
226 2895 281 2937 seu
307 2885 436 2952 natura,
458 2874 663 2936 'tunc‘latum
687 2884 719 2936 et
739 2868 788 2936 ira
810 2866 861 2936 dei
879 2874 1062 2936 vocabatur.
1105 2873 1159 2934 In·

137 2987 250 3068 gressis
271 2986 445 3051 Notesium
468 2998 556 3048 sexta
578 2984 710 3048 decuma
729 2986 813 3065 legio
841 2972 1052 3065 conjungitur.
1103 2984 1159 3048 ad·

137 3097 222 3162 ditus
235 3100 383 3162 ‘Voculae
405 3098 438 3161 in
461 3100 582 3181 partem
595 3079 752 3161 ¹curarum
778 3076 958 3161 Herennius
981 3096 1090 3162 Gallus
1112 3101 1159 3162 Ie-

137 3223 242 3291 gatus3
276 3194 334 3274 nec
364 3212 433 3274 ausi
460 3210 501 3274 ad
528 3212 653 3275 hostem
680 3231 812 3294 pergere
839 3212 911 3276 loco
941 3211 992 3275 cui
1013 3211 1159 3276 Gelduba

138 3345 253 3386 nomen
276 3339 322 3389 est
343 3301 442 3388 castra
463 3326 577 3387 fecere.
618 3322 668 3388 lbi
695 3322 846 3387 struenda
871 3324 955 3404 acie,
985 3324 1157 3390 muniendo

136 3437 345 3520 vallandoque
367 3453 399 3503 et
420 3442 528 3503 ceteris
545 3440 629 3503 belli
652 3438 881 3503 meditamentis
902 3439 1032 3504 militem
1051 3438 1158 3503 firma·

134 3558 223 3618 bant.
265 3565 363 3637 utque
382 3554 500 3652 praeda
518 3553 556 3617 ad
576 3536 724 3657 virtutem
746 3536 1009 3655 accenderetur,
997 3578 1031 3618 ιιι
1048 3555 1158 3641 proxi·

135 3687 204 3730 mos
227 3646 450 3761 Gugernorum
476 3688 573 3751 pagos
601 3668 659 3752 qui
685 3648 863 3734 societatem
894 3650 1003 3737 Civilis
1032 3693 1158 3757 accepe-

135 3793 208 3844 rant
244 3780 357 3844 duotus
386 3781 528 3844 Voculae
565 3781 731 3848 exercitus.
785 3804 860 3866 pars
893 3804 964 3848 cum
993 3783 1157 3848 Herennio

135 3895 227 3958 Gallo
249 3874 430 3978 permansit.

220 4009 245 4070 F
247 4024 314 4073 orte
338 4032 449 4075 navem
472 4007 557 4073 hosed
581 4011 694 4093 procul
715 4011 824 4075 caenis
844 4012 1003 4076 frttmcnto
1022 4028 1156 4092 'gravem
1171 4027 1241 4093 qm
