2934 4625
493 247 557 317 EX
577 247 814 318 fflsuotttls
1103 254 1166 323 109

144 431 234 494 ribus
264 448 370 514 quove
398 439 512 493 eventu
534 425 710 508 germanica
733 428 817 490 bella
836 431 1070 495 tractaverimus
1092 434 1165 495 satis

145 547 276 608 clarum.
317 543 386 607 Nec
408 542 482 605 ideo
502 542 651 605 Rhenum
673 539 845 605 insedimus
867 556 903 607 ut
922 545 1044 609 Italiam
1061 559 1165 609 tuere-

145 680 233 738 mur,
259 656 314 723 sed
336 680 377 719 ne
403 659 474 742 quis
495 659 575 722 alius
594 658 773 722 Ariovistus
794 679 891 740 regno
913 659 1086 725 Galliarum
1107 683 1166 745 po·

146 775 267 836 tiretur.
309 794 351 834 an
376 793 434 835 vos
460 773 596 835 cariores
617 771 711 836 Civili
731 772 923 856 Batavisque
951 785 982 837 et
1006 778 1167 837 transrhe-

148 889 240 951 nanis
267 885 413 967 gentibus
444 884 569 948 creditis
599 906 695 969 quam
721 885 894 964 majoribus
923 907 1033 950 eorum
1064 901 1168 971 patres

147 1004 263 1087 avique
287 1003 381 1068 vestri
406 998 559 1064 fuerunt?
592 999 702 1065 eadem
731 1022 855 1084 semper
883 1025 976 1066 causa
1002 1004 1169 1068 Germanis

146 1116 404 1182 transscendendi
428 1118 461 1179 in
490 1116 625 1194 Gallias,
655 1114 755 1179 libido
781 1127 875 1200 atque
896 1119 1026 1183 avaritia
1047 1131 1079 1182 et
1099 1142 1170 1182 mu·

148 1231 262 1295 tandae
283 1231 366 1296 sedis
387 1251 494 1308 amor,
515 1242 551 1294 ut
571 1227 686 1292 relictis
706 1227 876 1311 paludibus
897 1244 929 1295 at
949 1231 1170 1296 solitudinibus

147 1347 213 1409 suis
233 1346 490 1410 fecundissimum
511 1348 573 1410 boc
593 1348 696 1409 solum
715 1366 837 1429 vosque
857 1347 943 1429 ipsos
964 1348 1170 1438 possiderent.

147 1472 285 1522 ceterum
308 1461 437 1522 libertas
460 1472 491 1522 et
515 1458 656 1541 speciosa
676 1460 807 1521 nomina
830 1472 1076 1542 praetexuntur:
1112 1485 1169 1525 nec

147 1575 315 1659 qiu'squam
337 1578 476 1639 alienum
502 1576 665 1639 servitium
692 1586 724 1637 et
745 1572 990 1639 dominationem
1011 1577 1073 1641 sibi
1093 1597 1170 1639 con·

148 1690 269 1772 cupivit
294 1702 420 1752 utnon
441 1687 549 1751 eadem
576 1687 637 1749 ista
663 1686 818 1751 vocabula
845 1701 1021 1769 usurparet.
1061 1688 1169 1769 Regna
1182 1696 1253 1762 4,*[4

146 1804 294 1888 bellaque
322 1826 382 1886 per
403 1803 521 1869 Gallias
548 1821 673 1884 semper
699 1803 809 1879 fuere,
839 1799 940 1863 dones
963 1803 998 1863 iu
1025 1816 1169 1866 nostrum

146 1921 196 1995 jus
219 1916 439 1980 concederetis.
482 1936 559 1994 nos,
587 1934 768 1997 quanquam
790 1914 902 1976 totiens
922 1915 1072 1993 lacessiti,
1100 1921 1169 1994 jure

147 2030 298 2094 victoriae
327 2028 360 2092 id
388 2031 492 2093 solum
519 2029 611 2095 vobis
639 2026 816 2092 addidimus
845 2050 910 2112 quo
935 2051 1043 2112 pacem
1066 2011 1170 2094 tuere·

147 2167 230 2208 mur.
272 2166 347 2206 nam
368 2166 473 2227 neque
494 2145 583 2227 quies
604 2143 743 2224 gentium
763 2121 830 2206 dine
848 2146 942 2208 armis
959 2167 1063 2228 neque
1083 2168 1169 2210 arma

148 2260 215 2323 sine
230 2257 393 2341 stipendiis
407 2279 512 2342 neque
526 2255 682 2340 stipendia
696 2259 764 2320 sine
776 2257 901 2322 tributis
915 2260 1026 2323 haberi
1040 2276 1169 2345 queunt.

150 2385 252 2433 cetera
267 2374 302 2434 in
322 2373 482 2435 communi
501 2373 561 2434 sita
578 2384 662 2434 sunt.
703 2371 766 2453 ipsi
785 2372 972 2456 plerumque
992 2374 1167 2453 legionibus

149 2488 265 2550 nostris
287 2484 471 2568 praesidetis
478 2533 488 2566 ,
516 2486 579 2568 ipsi
605 2488 662 2549 hae
684 2488 824 2570 aliasque
846 2487 1024 2567 provincias
1046 2487 1167 2567 regitis:

147 2601 228 2663 nihil
255 2613 434 2683 separatum
465 2602 655 2665 clausumve.
703 2613 734 2662 et
761 2597 962 2662 laudatorum
991 2599 1168 2681 principum

147 2734 222 2776 usus
245 2736 286 2776 ex
307 2735 410 2796 aequo
433 2712 576 2796 quamvis
601 2714 713 2794 procul
741 2713 921 2792 agentibus:
951 2713 1036 2776 saevi
1057 2713 1168 2795 proxi-

146 2831 206 2891 mis
226 2830 388 2910 ingruunt.
430 2826 592 2912 quomodo
617 2829 809 2891 sterilitatem
837 2842 891 2890 aut
916 2830 1031 2892 nimios
1051 2831 1168 2894 imbres

147 2959 178 3009 et
201 2960 304 3009 cetera
327 2958 459 3008 naturae
481 2947 580 3024 mala,
608 2945 652 3007 ita
674 2945 786 3005 luxum
808 2944 859 3007 vel
883 2943 1046 3006 avaritiam
1067 2941 1169 3007 domi·

147 3060 291 3122 nautium
313 3059 455 3122 tolerate.
495 3059 571 3124 vitia
592 3069 699 3132 erunt,
725 3054 826 3119 donec
846 3056 1007 3135 homines,
1036 3058 1091 3121 sed
1111 3080 1169 3121 ne-

148 3197 210 3258 que
238 3177 317 3237 haeo
344 3175 493 3237 continua
522 3186 552 3236 et
579 3174 746 3236 meliorum
774 3172 957 3235 inservantu
985 3189 1170 3257 pensantur.

146 3291 217 3354 Nisi
246 3292 329 3354 forte
361 3290 483 3351 Tutore
513 3302 545 3352 et
575 3288 712 3351 Classico
742 3288 947 3367 regnantibus
978 3286 1169 3352 moderatius

147 3404 315 3485 imperium
345 3405 493 3484 speratis,
524 3417 577 3465 aut
606 3404 783 3464 minoribus
810 3422 905 3484 quam
933 3423 1018 3464 nunc
1042 3402 1169 3466 tributis

145 3521 347 3602 parabuntur
367 3520 540 3598 exercitus,
570 3519 686 3603 quibus
711 3518 862 3582 Germani
885 3518 1091 3605 Britannique
1118 3542 1169 3582 ar-

147 3645 288 3696 ceantur.
315 3655 415 3701 ,nam
443 3634 559 3716 pulsis,
593 3632 681 3718 quod
709 3631 754 3695 dii
781 3633 987 3715 prohibeant,
1017 3635 1168 3700 Romanis

146 3743 223 3828 quid
254 3744 341 3807 aliud
370 3767 465 3829 quam
493 3748 576 3809 bella
601 3745 743 3809 omnium
770 3747 854 3808 inter
880 3767 914 3809 se
943 3749 1082 3829 gentium
1111 3772 1167 3811 ex-

145 3856 278 3921 sistant?
312 3860 562 3939 octingentorum
595 3881 752 3923 annorum
782 3861 912 3926 fortuna
941 3862 1168 3948 disciplinaque

147 3992 311 4054 compages
340 3974 419 4035 haec
449 3973 581 4048 coaluit,
613 3993 695 4056 quas
720 3975 854 4038 convalli
877 3975 946 4038 sine
974 3979 1071 4041 exitio
1091 3986 1167 4040 oon·
