<?xml version="1.0" encoding="UTF-8"?>
<!DOCTYPE html PUBLIC "-//W3C//DTD XHTML 1.0 Transitional//EN"
    "http://www.w3.org/TR/xhtml1/DTD/xhtml1-transitional.dtd">
<html xmlns="http://www.w3.org/1999/xhtml" xml:lang="en" lang="en">
 <head>
  <title>
</title>
<meta http-equiv="Content-Type" content="text/html;charset=utf-8" />
  <meta name='ocr-system' content='tesseract 3.04.00' />
  <meta name='ocr-capabilities' content='ocr_page ocr_carea ocr_par ocr_line ocrx_word'/>
</head>
<body>
  <div class='ocr_page' id='page_1' title='image "./tacitigermania02grimgoog_0114.png"; bbox 0 0 2934 4625; ppageno 0'>
   <div class='ocr_carea' id='block_1_1' title="bbox 303 267 979 343">
    <p class='ocr_par' dir='ltr' id='par_1_1' title="bbox 303 267 979 343">
     <span class='ocr_line' id='line_1_1' title="bbox 303 267 979 343; baseline -0.012 0"><span class='ocrx_word' id='word_1_1' title='bbox 303 279 365 343; x_wconf 90' lang='lat'><strong>100</strong></span> <span class='ocrx_word' id='word_1_2' title='bbox 657 269 719 335; x_wconf 79' lang='lat' dir='ltr'><strong>EX</strong></span> <span class='ocrx_word' id='word_1_3' title='bbox 743 267 979 338; x_wconf 78' lang='lat' dir='ltr'>HISTORIIS</span> 
     </span>
    </p>
   </div>
   <div class='ocr_carea' id='block_1_2' title="bbox 223 439 1332 1898">
    <p class='ocr_par' dir='ltr' id='par_1_2' title="bbox 303 439 1329 850">
     <span class='ocr_line' id='line_1_2' title="bbox 303 439 1328 526; baseline -0.004 -17"><span class='ocrx_word' id='word_1_4' title='bbox 303 455 496 526; x_wconf 83' lang='lat' dir='ltr'><strong>rumperent.</strong></span> <span class='ocrx_word' id='word_1_5' title='bbox 548 441 693 502; x_wconf 89' lang='lat' dir='ltr'><strong>simulata</strong></span> <span class='ocrx_word' id='word_1_6' title='bbox 722 461 760 502; x_wconf 90' lang='lat' dir='ltr'><strong>ea</strong></span> <span class='ocrx_word' id='word_1_7' title='bbox 788 440 909 504; x_wconf 85' lang='lat' dir='ltr'><strong>fuerint</strong></span> <span class='ocrx_word' id='word_1_8' title='bbox 933 461 974 505; x_wconf 89' lang='lat' dir='ltr'><strong>an</strong></span> <span class='ocrx_word' id='word_1_9' title='bbox 996 439 1132 503; x_wconf 88' lang='lat' dir='ltr'><strong>retinere</strong></span> <span class='ocrx_word' id='word_1_10' title='bbox 1153 442 1328 507; x_wconf 84' lang='lat' dir='ltr'><strong>saevientes</strong></span> 
     </span>
     <span class='ocr_line' id='line_1_3' title="bbox 305 550 1329 640; baseline 0 -20"><span class='ocrx_word' id='word_1_11' title='bbox 305 556 481 640; x_wconf 82' lang='lat' dir='ltr'>nequiverit</span> <span class='ocrx_word' id='word_1_12' title='bbox 500 575 614 638; x_wconf 88' lang='lat' dir='ltr'><strong>parum</strong></span> <span class='ocrx_word' id='word_1_13' title='bbox 635 550 827 639; x_wconf 44' lang='lat' dir='ltr'><strong>affirmatus</strong></span> <span class='ocrx_word' id='word_1_14' title='bbox 862 553 1003 635; x_wconf 88' lang='lat' dir='ltr'><strong>Direptis</strong></span> <span class='ocrx_word' id='word_1_15' title='bbox 1023 555 1131 619; x_wconf 89' lang='lat' dir='ltr'><strong>castris</strong></span> <span class='ocrx_word' id='word_1_16' title='bbox 1151 556 1235 620; x_wconf 83' lang='lat' dir='ltr'><strong>iaces</strong></span> <span class='ocrx_word' id='word_1_17' title='bbox 1255 558 1329 637; x_wconf 87' lang='lat' dir='ltr'><strong>inji-</strong></span> 
     </span>
     <span class='ocr_line' id='line_1_4' title="bbox 305 670 1328 756; baseline 0.001 -20"><span class='ocrx_word' id='word_1_18' title='bbox 305 675 409 750; x_wconf 88' lang='lat' dir='ltr'><strong>ciunt,</strong></span> <span class='ocrx_word' id='word_1_19' title='bbox 441 683 632 756; x_wconf 87' lang='lat' dir='ltr'><strong>cunctosque</strong></span> <span class='ocrx_word' id='word_1_20' title='bbox 662 671 720 756; x_wconf 88' lang='lat' dir='ltr'><strong>qui</strong></span> <span class='ocrx_word' id='word_1_21' title='bbox 747 670 870 753; x_wconf 86' lang='lat' dir='ltr'><strong>proelio</strong></span> <span class='ocrx_word' id='word_1_22' title='bbox 898 670 1122 753; x_wconf 73' lang='lat' dir='ltr'><strong>superfuerant</strong></span> <span class='ocrx_word' id='word_1_23' title='bbox 1145 672 1328 738; x_wconf 85' lang='lat' dir='ltr'><strong>incendium</strong></span> 
     </span>
     <span class='ocr_line' id='line_1_5' title="bbox 305 785 418 850; baseline 0.009 -1"><span class='ocrx_word' id='word_1_24' title='bbox 305 785 418 850; x_wconf 71' lang='lat' dir='ltr'><strong>hausit.</strong></span> 
     </span>
    </p>

    <p class='ocr_par' dir='ltr' id='par_1_3' title="bbox 223 895 1332 1898">
     <span class='ocr_line' id='line_1_6' title="bbox 223 895 1328 980; baseline 0.004 -21"><span class='ocrx_word' id='word_1_25' title='bbox 223 910 291 973; x_wconf 62' lang='lat' dir='ltr'><strong>aot</strong></span> <span class='ocrx_word' id='word_1_26' title='bbox 392 901 501 968; x_wconf 81' lang='lat' dir='ltr'><strong>Civilis</strong></span> <span class='ocrx_word' id='word_1_27' title='bbox 521 901 659 964; x_wconf 87' lang='lat' dir='ltr'><strong>barbaro</strong></span> <span class='ocrx_word' id='word_1_28' title='bbox 683 911 759 964; x_wconf 85' lang='lat' dir='ltr'><strong>voto</strong></span> <span class='ocrx_word' id='word_1_29' title='bbox 780 909 853 980; x_wconf 90' lang='lat' dir='ltr'><strong>post</strong></span> <span class='ocrx_word' id='word_1_30' title='bbox 873 908 983 978; x_wconf 86' lang='lat' dir='ltr'><strong>coepta</strong></span> <span class='ocrx_word' id='word_1_31' title='bbox 1001 895 1152 962; x_wconf 85' lang='lat' dir='ltr'><strong>adversus</strong></span> <span class='ocrx_word' id='word_1_32' title='bbox 1167 900 1328 964; x_wconf 88' lang='lat' dir='ltr'><strong>Romanos</strong></span> 
     </span>
     <span class='ocr_line' id='line_1_7' title="bbox 309 1011 1328 1098; baseline 0.004 -23"><span class='ocrx_word' id='word_1_33' title='bbox 309 1035 396 1076; x_wconf 90' lang='lat' dir='ltr'><strong>arma</strong></span> <span class='ocrx_word' id='word_1_34' title='bbox 424 1036 604 1097; x_wconf 83' lang='lat' dir='ltr'><strong>propexum</strong></span> <span class='ocrx_word' id='word_1_35' title='bbox 637 1014 864 1098; x_wconf 78' lang='lat' dir='ltr'><strong>rutilatumque</strong></span> <span class='ocrx_word' id='word_1_36' title='bbox 897 1011 1016 1076; x_wconf 90' lang='lat' dir='ltr'><strong>crinem</strong></span> <span class='ocrx_word' id='word_1_37' title='bbox 1047 1027 1169 1097; x_wconf 89' lang='lat' dir='ltr'><strong>patrata</strong></span> <span class='ocrx_word' id='word_1_38' title='bbox 1200 1015 1328 1079; x_wconf 89' lang='lat' dir='ltr'><strong>demum</strong></span> 
     </span>
     <span class='ocr_line' id='line_1_8' title="bbox 309 1128 1329 1212; baseline 0.005 -22"><span class='ocrx_word' id='word_1_39' title='bbox 309 1128 403 1192; x_wconf 89' lang='lat' dir='ltr'><strong>caede</strong></span> <span class='ocrx_word' id='word_1_40' title='bbox 435 1131 594 1211; x_wconf 88' lang='lat' dir='ltr'><strong>legionum</strong></span> <span class='ocrx_word' id='word_1_41' title='bbox 627 1128 781 1212; x_wconf 76' lang='lat' dir='ltr'><strong>deposuit.</strong></span> <span class='ocrx_word' id='word_1_42' title='bbox 840 1141 871 1193; x_wconf 91' lang='lat' dir='ltr'><strong>et</strong></span> <span class='ocrx_word' id='word_1_43' title='bbox 905 1129 1066 1192; x_wconf 84' lang='lat' dir='ltr'><strong>ferebatur</strong></span> <span class='ocrx_word' id='word_1_44' title='bbox 1097 1133 1232 1212; x_wconf 82' lang='lat' dir='ltr'><strong>parvulo</strong></span> <span class='ocrx_word' id='word_1_45' title='bbox 1262 1131 1329 1195; x_wconf 91' lang='lat' dir='ltr'><strong>filio</strong></span> 
     </span>
     <span class='ocr_line' id='line_1_9' title="bbox 310 1241 1330 1327; baseline 0.001 -21"><span class='ocrx_word' id='word_1_46' title='bbox 310 1243 463 1326; x_wconf 76' lang='lat' dir='ltr'><strong>qarosdam</strong></span> <span class='ocrx_word' id='word_1_47' title='bbox 487 1242 682 1327; x_wconf 81' lang='lat' dir='ltr'><strong>captivorum</strong></span> <span class='ocrx_word' id='word_1_48' title='bbox 703 1241 820 1323; x_wconf 76' lang='lat' dir='ltr'><strong>sagittis</strong></span> <span class='ocrx_word' id='word_1_49' title='bbox 840 1242 1012 1326; x_wconf 85' lang='lat' dir='ltr'><strong>jaculisque</strong></span> <span class='ocrx_word' id='word_1_50' title='bbox 1038 1243 1212 1325; x_wconf 86' lang='lat' dir='ltr'><strong>puerilibus</strong></span> <span class='ocrx_word' id='word_1_51' title='bbox 1231 1244 1330 1327; x_wconf 84' lang='lat' dir='ltr'><strong>ligen-</strong></span> 
     </span>
     <span class='ocr_line' id='line_1_10' title="bbox 310 1357 1331 1443; baseline 0.005 -22"><span class='ocrx_word' id='word_1_52' title='bbox 310 1357 367 1421; x_wconf 92' lang='lat' dir='ltr'><strong>dos</strong></span> <span class='ocrx_word' id='word_1_53' title='bbox 395 1360 556 1422; x_wconf 88' lang='lat' dir='ltr'><strong>obtulisse.</strong></span> <span class='ocrx_word' id='word_1_54' title='bbox 613 1357 761 1420; x_wconf 86' lang='lat' dir='ltr'><strong>Ceterum</strong></span> <span class='ocrx_word' id='word_1_55' title='bbox 796 1376 900 1439; x_wconf 89' lang='lat' dir='ltr'><strong>neque</strong></span> <span class='ocrx_word' id='word_1_56' title='bbox 935 1376 968 1419; x_wconf 91' lang='lat' dir='ltr'><strong>se</strong></span> <span class='ocrx_word' id='word_1_57' title='bbox 1001 1378 1105 1442; x_wconf 90' lang='lat' dir='ltr'><strong>neque</strong></span> <span class='ocrx_word' id='word_1_58' title='bbox 1137 1381 1331 1443; x_wconf 87' lang='lat' dir='ltr'><strong>quemquam</strong></span> 
     </span>
     <span class='ocr_line' id='line_1_11' title="bbox 309 1466 1330 1550; baseline 0.008 -19"><span class='ocrx_word' id='word_1_59' title='bbox 309 1471 463 1534; x_wconf 76' lang='lat' dir='ltr'><strong>Batavum</strong></span> <span class='ocrx_word' id='word_1_60' title='bbox 485 1472 519 1533; x_wconf 88' lang='lat' dir='ltr'><strong>in</strong></span> <span class='ocrx_word' id='word_1_61' title='bbox 540 1473 639 1535; x_wconf 80' lang='lat' dir='ltr'><strong>verba</strong></span> <span class='ocrx_word' id='word_1_62' title='bbox 661 1468 836 1533; x_wconf 79' lang='lat' dir='ltr'><strong>Galliarum</strong></span> <span class='ocrx_word' id='word_1_63' title='bbox 860 1466 978 1550; x_wconf 87' lang='lat' dir='ltr'><strong>adegit,</strong></span> <span class='ocrx_word' id='word_1_64' title='bbox 998 1470 1075 1534; x_wconf 85' lang='lat' dir='ltr'><strong>fisus</strong></span> <span class='ocrx_word' id='word_1_65' title='bbox 1095 1473 1330 1539; x_wconf 88' lang='lat' dir='ltr'><strong>Germanorum</strong></span> 
     </span>
     <span class='ocr_line' id='line_1_12' title="bbox 310 1579 1332 1668; baseline 0.005 -21"><span class='ocrx_word' id='word_1_66' title='bbox 310 1587 425 1667; x_wconf 89' lang='lat' dir='ltr'><strong>opibus</strong></span> <span class='ocrx_word' id='word_1_67' title='bbox 448 1596 495 1660; x_wconf 87' lang='lat' dir='ltr'><strong>et,</strong></span> <span class='ocrx_word' id='word_1_68' title='bbox 520 1584 547 1647; x_wconf 93' lang='lat' dir='ltr'><strong>si</strong></span> <span class='ocrx_word' id='word_1_69' title='bbox 568 1580 751 1646; x_wconf 88' lang='lat' dir='ltr'><strong>certandum</strong></span> <span class='ocrx_word' id='word_1_70' title='bbox 770 1579 923 1647; x_wconf 83' lang='lat' dir='ltr'><strong>adversus</strong></span> <span class='ocrx_word' id='word_1_71' title='bbox 945 1583 1057 1646; x_wconf 86' lang='lat' dir='ltr'><strong>Gallos·</strong></span> <span class='ocrx_word' id='word_1_72' title='bbox 1073 1583 1112 1647; x_wconf 90' lang='lat' dir='ltr'><strong>de</strong></span> <span class='ocrx_word' id='word_1_73' title='bbox 1130 1589 1332 1668; x_wconf 87' lang='lat' dir='ltr'><strong>possessione</strong></span> 
     </span>
     <span class='ocr_line' id='line_1_13' title="bbox 309 1695 1331 1783; baseline 0.004 -22"><span class='ocrx_word' id='word_1_74' title='bbox 309 1720 417 1761; x_wconf 90' lang='lat' dir='ltr'><strong>rerum</strong></span> <span class='ocrx_word' id='word_1_75' title='bbox 436 1699 531 1777; x_wconf 82' lang='lat' dir='ltr'><strong>foret,</strong></span> <span class='ocrx_word' id='word_1_76' title='bbox 549 1697 676 1761; x_wconf 89' lang='lat' dir='ltr'><strong>inclitus</strong></span> <span class='ocrx_word' id='word_1_77' title='bbox 697 1696 782 1759; x_wconf 83' lang='lat' dir='ltr'><strong>fama</strong></span> <span class='ocrx_word' id='word_1_78' title='bbox 803 1709 835 1757; x_wconf 89' lang='lat' dir='ltr'><strong>et</strong></span> <span class='ocrx_word' id='word_1_79' title='bbox 853 1695 970 1777; x_wconf 88' lang='lat' dir='ltr'><strong>potior.</strong></span> <span class='ocrx_word' id='word_1_80' title='bbox 1010 1698 1151 1762; x_wconf 89' lang='lat' dir='ltr'><strong>Mumius</strong></span> <span class='ocrx_word' id='word_1_81' title='bbox 1165 1699 1331 1783; x_wconf 85' lang='lat' dir='ltr'><strong>Lupercus</strong></span> 
     </span>
     <span class='ocr_line' id='line_1_14' title="bbox 308 1810 1329 1898; baseline 0.005 -23"><span class='ocrx_word' id='word_1_82' title='bbox 308 1817 426 1894; x_wconf 90' lang='lat' dir='ltr'><strong>legatus</strong></span> <span class='ocrx_word' id='word_1_83' title='bbox 454 1813 585 1894; x_wconf 83' lang='lat' dir='ltr'><strong>legionis</strong></span> <span class='ocrx_word' id='word_1_84' title='bbox 613 1812 693 1875; x_wconf 82' lang='lat' dir='ltr'><strong>inter</strong></span> <span class='ocrx_word' id='word_1_85' title='bbox 727 1810 811 1874; x_wconf 88' lang='lat' dir='ltr'><strong>dona</strong></span> <span class='ocrx_word' id='word_1_86' title='bbox 837 1812 950 1873; x_wconf 89' lang='lat' dir='ltr'><strong>missus</strong></span> <span class='ocrx_word' id='word_1_87' title='bbox 979 1810 1128 1877; x_wconf 85' lang='lat' dir='ltr'><strong>Veledae.</strong></span> <span class='ocrx_word' id='word_1_88' title='bbox 1176 1836 1214 1877; x_wconf 88' lang='lat' dir='ltr'><strong>ea</strong></span> <span class='ocrx_word' id='word_1_89' title='bbox 1241 1819 1329 1898; x_wconf 84' lang='lat' dir='ltr'><strong>virgo</strong></span> 
     </span>
    </p>
   </div>
   <div class='ocr_carea' id='block_1_3' title="bbox 309 1928 1330 2011">
    <p class='ocr_par' dir='ltr' id='par_1_4' title="bbox 309 1928 1330 2011">
     <span class='ocr_line' id='line_1_15' title="bbox 309 1928 1330 2011; baseline 0.003 -20"><span class='ocrx_word' id='word_1_90' title='bbox 309 1930 446 1993; x_wconf 75' lang='lat' dir='ltr'><strong>natIonis</strong></span> <span class='ocrx_word' id='word_1_91' title='bbox 471 1932 634 1992; x_wconf 84' lang='lat' dir='ltr'><strong>bructerae</strong></span> <span class='ocrx_word' id='word_1_92' title='bbox 660 1929 722 1989; x_wconf 89' lang='lat' dir='ltr'><strong>late</strong></span> <span class='ocrx_word' id='word_1_93' title='bbox 743 1928 942 2009; x_wconf 87' lang='lat' dir='ltr'><strong>imperitabat</strong></span> <span class='ocrx_word' id='word_1_94' title='bbox 962 1939 1069 1992; x_wconf 82' lang='lat' dir='ltr'><strong>vetere</strong></span> <span class='ocrx_word' id='word_1_95' title='bbox 1090 1928 1176 2011; x_wconf 89' lang='lat' dir='ltr'><strong>apud</strong></span> <span class='ocrx_word' id='word_1_96' title='bbox 1198 1930 1330 1994; x_wconf 88' lang='lat' dir='ltr'><strong>Germa-</strong></span> 
     </span>
    </p>
   </div>
   <div class='ocr_carea' id='block_1_4' title="bbox 309 2042 1330 2241">
    <p class='ocr_par' dir='ltr' id='par_1_5' title="bbox 309 2042 1330 2241">
     <span class='ocr_line' id='line_1_16' title="bbox 309 2042 1330 2125; baseline 0.002 -20"><span class='ocrx_word' id='word_1_97' title='bbox 309 2065 368 2108; x_wconf 91' lang='lat' dir='ltr'><strong>nos</strong></span> <span class='ocrx_word' id='word_1_98' title='bbox 390 2063 495 2120; x_wconf 84' lang='lat' dir='ltr'><strong>more,</strong></span> <span class='ocrx_word' id='word_1_99' title='bbox 518 2064 585 2125; x_wconf 89' lang='lat' dir='ltr'><strong>quo</strong></span> <span class='ocrx_word' id='word_1_100' title='bbox 606 2044 774 2124; x_wconf 86' lang='lat' dir='ltr'><strong>plerasque</strong></span> <span class='ocrx_word' id='word_1_101' title='bbox 794 2044 982 2107; x_wconf 80' lang='lat' dir='ltr'><strong>feminarum</strong></span> <span class='ocrx_word' id='word_1_102' title='bbox 1005 2042 1146 2107; x_wconf 82' lang='lat' dir='ltr'><strong>fatidicas</strong></span> <span class='ocrx_word' id='word_1_103' title='bbox 1169 2056 1200 2108; x_wconf 92' lang='lat' dir='ltr'><strong>et</strong></span> <span class='ocrx_word' id='word_1_104' title='bbox 1220 2066 1330 2124; x_wconf 89' lang='lat' dir='ltr'><strong>auges·</strong></span> 
     </span>
     <span class='ocr_line' id='line_1_17' title="bbox 311 2135 1329 2241; baseline 0.004 -24"><span class='ocrx_word' id='word_1_105' title='bbox 311 2169 398 2218; x_wconf 91' lang='lat' dir='ltr'><strong>cente</strong></span> <span class='ocrx_word' id='word_1_106' title='bbox 425 2154 647 2235; x_wconf 84' lang='lat' dir='ltr'><strong>superstitione</strong></span> <span class='ocrx_word' id='word_1_107' title='bbox 669 2154 862 2217; x_wconf 83' lang='lat' dir='ltr'><strong>arbitrentur</strong></span> <span class='ocrx_word' id='word_1_108' title='bbox 883 2152 966 2219; x_wconf 90' lang='lat' dir='ltr'><strong>deas.</strong></span> <span class='ocrx_word' id='word_1_109' title='bbox 985 2135 996 2149; x_wconf 45' lang='lat'><strong><em>¹</em></strong></span> <span class='ocrx_word' id='word_1_110' title='bbox 1014 2157 1167 2241; x_wconf 90' lang='lat' dir='ltr'><strong>Tuncque</strong></span> <span class='ocrx_word' id='word_1_111' title='bbox 1191 2157 1329 2223; x_wconf 87' lang='lat' dir='ltr'><strong>Veledae</strong></span> 
     </span>
    </p>
   </div>
   <div class='ocr_carea' id='block_1_5' title="bbox 310 2267 1330 2470">
    <p class='ocr_par' dir='ltr' id='par_1_6' title="bbox 310 2267 1330 2470">
     <span class='ocr_line' id='line_1_18' title="bbox 311 2267 1330 2355; baseline 0.006 -23"><span class='ocrx_word' id='word_1_112' title='bbox 311 2272 478 2334; x_wconf 84' lang='lat' dir='ltr'><strong>auctoritas</strong></span> <span class='ocrx_word' id='word_1_113' title='bbox 498 2267 653 2335; x_wconf 85' lang='lat' dir='ltr'><strong>adolevit:</strong></span> <span class='ocrx_word' id='word_1_114' title='bbox 673 2290 747 2332; x_wconf 90' lang='lat' dir='ltr'><strong>nam</strong></span> <span class='ocrx_word' id='word_1_115' title='bbox 768 2290 935 2355; x_wconf 86' lang='lat' dir='ltr'><strong>prosperas</strong></span> <span class='ocrx_word' id='word_1_116' title='bbox 958 2272 1124 2337; x_wconf 87' lang='lat' dir='ltr'><strong>Germanis</strong></span> <span class='ocrx_word' id='word_1_117' title='bbox 1144 2290 1196 2340; x_wconf 88' lang='lat' dir='ltr'><strong>res</strong></span> <span class='ocrx_word' id='word_1_118' title='bbox 1220 2287 1251 2339; x_wconf 90' lang='lat' dir='ltr'><strong>et</strong></span> <span class='ocrx_word' id='word_1_119' title='bbox 1272 2296 1330 2340; x_wconf 87' lang='lat' dir='ltr'><strong>ex·</strong></span> 
     </span>
     <span class='ocr_line' id='line_1_19' title="bbox 310 2383 1329 2470; baseline 0.004 -22"><span class='ocrx_word' id='word_1_120' title='bbox 310 2384 426 2449; x_wconf 85' lang='lat' dir='ltr'><strong>cidium</strong></span> <span class='ocrx_word' id='word_1_121' title='bbox 447 2387 606 2467; x_wconf 84' lang='lat' dir='ltr'><strong>legionum</strong></span> <span class='ocrx_word' id='word_1_122' title='bbox 626 2383 839 2467; x_wconf 82' lang='lat' dir='ltr'><strong>praedixerat.</strong></span> <span class='ocrx_word' id='word_1_123' title='bbox 887 2384 951 2449; x_wconf 86' lang='lat' dir='ltr'><strong>Sed</strong></span> <span class='ocrx_word' id='word_1_124' title='bbox 972 2386 1137 2470; x_wconf 86' lang='lat' dir='ltr'><strong>Lupercus</strong></span> <span class='ocrx_word' id='word_1_125' title='bbox 1159 2391 1195 2451; x_wconf 90' lang='lat' dir='ltr'><strong>in</strong></span> <span class='ocrx_word' id='word_1_126' title='bbox 1215 2389 1329 2453; x_wconf 86' lang='lat' dir='ltr'><strong>itinere</strong></span> 
     </span>
    </p>
   </div>
   <div class='ocr_carea' id='block_1_6' title="bbox 306 2500 1383 2689">
    <p class='ocr_par' dir='ltr' id='par_1_7' title="bbox 306 2500 1383 2689">
     <span class='ocr_line' id='line_1_20' title="bbox 307 2500 1383 2586; baseline 0.003 -25"><span class='ocrx_word' id='word_1_127' title='bbox 307 2501 499 2565; x_wconf 84' lang='lat' dir='ltr'><strong>interfectus.</strong></span> <span class='ocrx_word' id='word_1_128' title='bbox 541 2500 635 2582; x_wconf 88' lang='lat' dir='ltr'><strong>pauci</strong></span> <span class='ocrx_word' id='word_1_129' title='bbox 662 2501 883 2562; x_wconf 89' lang='lat' dir='ltr'><strong>centurionum</strong></span> <span class='ocrx_word' id='word_1_130' title='bbox 910 2503 1174 2586; x_wconf 89' lang='lat' dir='ltr'><strong>tribunorumque</strong></span> <span class='ocrx_word' id='word_1_131' title='bbox 1196 2505 1230 2565; x_wconf 92' lang='lat' dir='ltr'><strong>in</strong></span> <span class='ocrx_word' id='word_1_132' title='bbox 1252 2505 1329 2565; x_wconf 89' lang='lat' dir='ltr'><strong>Gal·</strong></span> <span class='ocrx_word' id='word_1_133' title='bbox 1351 2512 1354 2517; x_wconf 75' lang='grc'><strong><em>’</em></strong></span> <span class='ocrx_word' id='word_1_134' title='bbox 1380 2522 1383 2529; x_wconf 91' lang='grc'>·</span> 
     </span>
     <span class='ocr_line' id='line_1_21' title="bbox 306 2606 1330 2689; baseline 0.004 -19"><span class='ocrx_word' id='word_1_135' title='bbox 306 2609 350 2671; x_wconf 91' lang='lat' dir='ltr'><strong>lia</strong></span> <span class='ocrx_word' id='word_1_136' title='bbox 370 2610 466 2688; x_wconf 88' lang='lat' dir='ltr'><strong>geniti</strong></span> <span class='ocrx_word' id='word_1_137' title='bbox 487 2619 689 2670; x_wconf 84' lang='lat' dir='ltr'><strong>reservantur</strong></span> <span class='ocrx_word' id='word_1_138' title='bbox 708 2607 822 2686; x_wconf 86' lang='lat' dir='ltr'><strong>pignus</strong></span> <span class='ocrx_word' id='word_1_139' title='bbox 844 2606 1007 2671; x_wconf 89' lang='lat' dir='ltr'><strong>societatis.</strong></span> <span class='ocrx_word' id='word_1_140' title='bbox 1049 2610 1244 2689; x_wconf 86' lang='lat' dir='ltr'><strong>cohortium,</strong></span> <span class='ocrx_word' id='word_1_141' title='bbox 1264 2614 1330 2674; x_wconf 91' lang='lat' dir='ltr'><strong>ala·</strong></span> 
     </span>
    </p>
   </div>
   <div class='ocr_carea' id='block_1_7' title="bbox 222 2721 1395 4062">
    <p class='ocr_par' dir='ltr' id='par_1_8' title="bbox 306 2721 1395 2919">
     <span class='ocr_line' id='line_1_22' title="bbox 306 2721 1395 2811; baseline 0.005 -28"><span class='ocrx_word' id='word_1_142' title='bbox 306 2745 392 2800; x_wconf 84' lang='lat' dir='ltr'><strong>rum,</strong></span> <span class='ocrx_word' id='word_1_143' title='bbox 414 2723 572 2803; x_wconf 88' lang='lat' dir='ltr'><strong>legionum</strong></span> <span class='ocrx_word' id='word_1_144' title='bbox 592 2721 726 2783; x_wconf 85' lang='lat' dir='ltr'><strong>hiberna</strong></span> <span class='ocrx_word' id='word_1_145' title='bbox 747 2721 898 2783; x_wconf 89' lang='lat' dir='ltr'><strong>subversa</strong></span> <span class='ocrx_word' id='word_1_146' title='bbox 916 2734 1127 2806; x_wconf 87' lang='lat' dir='ltr'><strong>cremataque,</strong></span> <span class='ocrx_word' id='word_1_147' title='bbox 1146 2726 1185 2788; x_wconf 90' lang='lat' dir='ltr'><strong>iis</strong></span> <span class='ocrx_word' id='word_1_148' title='bbox 1206 2739 1328 2811; x_wconf 69' lang='lat' dir='ltr'><strong>tanqum</strong></span> <span class='ocrx_word' id='word_1_149' title='bbox 1391 2798 1395 2804; x_wconf 23' lang='grc' dir='ltr'>Ι</span> 
     </span>
     <span class='ocr_line' id='line_1_23' title="bbox 307 2832 1209 2919; baseline 0.002 -20"><span class='ocrx_word' id='word_1_150' title='bbox 307 2838 423 2900; x_wconf 90' lang='lat' dir='ltr'><strong>relictis</strong></span> <span class='ocrx_word' id='word_1_151' title='bbox 444 2860 524 2919; x_wconf 90' lang='lat' dir='ltr'><strong>quae</strong></span> <span class='ocrx_word' id='word_1_152' title='bbox 547 2834 736 2914; x_wconf 82' lang='lat' dir='ltr'><strong>Mogontiaci</strong></span> <span class='ocrx_word' id='word_1_153' title='bbox 760 2856 795 2896; x_wconf 90' lang='lat' dir='ltr'><strong>ac</strong></span> <span class='ocrx_word' id='word_1_154' title='bbox 816 2832 1025 2898; x_wconf 85' lang='lat' dir='ltr'><strong>Vindonissae</strong></span> <span class='ocrx_word' id='word_1_155' title='bbox 1046 2838 1104 2899; x_wconf 87' lang='lat' dir='ltr'><strong>sita</strong></span> <span class='ocrx_word' id='word_1_156' title='bbox 1127 2851 1209 2901; x_wconf 91' lang='lat' dir='ltr'><strong>sunt.</strong></span> 
     </span>
    </p>

    <p class='ocr_par' dir='ltr' id='par_1_9' title="bbox 222 2947 1331 4062">
     <span class='ocr_line' id='line_1_24' title="bbox 222 2947 1330 3035; baseline 0.003 -25"><span class='ocrx_word' id='word_1_157' title='bbox 222 2963 249 3027; x_wconf 83' lang='grc'><strong>4,</strong></span> <span class='ocrx_word' id='word_1_158' title='bbox 259 2961 295 3013; x_wconf 71' lang='lat' dir='ltr'><strong>ou</strong></span> <span class='ocrx_word' id='word_1_159' title='bbox 392 2953 492 3035; x_wconf 88' lang='lat' dir='ltr'><strong>Legio</strong></span> <span class='ocrx_word' id='word_1_160' title='bbox 522 2963 611 3015; x_wconf 84' lang='lat' dir='ltr'><strong>sexta</strong></span> <span class='ocrx_word' id='word_1_161' title='bbox 636 2947 768 3013; x_wconf 89' lang='lat' dir='ltr'><strong>decuma</strong></span> <span class='ocrx_word' id='word_1_162' title='bbox 798 2971 869 3012; x_wconf 90' lang='lat' dir='ltr'><strong>cum</strong></span> <span class='ocrx_word' id='word_1_163' title='bbox 899 2951 1024 3013; x_wconf 87' lang='lat' dir='ltr'><strong>auxiliis</strong></span> <span class='ocrx_word' id='word_1_164' title='bbox 1052 2952 1145 3014; x_wconf 89' lang='lat' dir='ltr'><strong>simul</strong></span> <span class='ocrx_word' id='word_1_165' title='bbox 1168 2950 1281 3014; x_wconf 88' lang='lat' dir='ltr'><strong>deditis</strong></span> <span class='ocrx_word' id='word_1_166' title='bbox 1311 2973 1330 3013; x_wconf 89' lang='lat' dir='ltr'><strong>a</strong></span> 
     </span>
     <span class='ocr_line' id='line_1_25' title="bbox 306 3064 1330 3145; baseline 0.002 -18"><span class='ocrx_word' id='word_1_167' title='bbox 306 3064 447 3131; x_wconf 82' lang='lat' dir='ltr'><strong>Novesio</strong></span> <span class='ocrx_word' id='word_1_168' title='bbox 485 3067 519 3127; x_wconf 88' lang='lat' dir='ltr'><strong>in</strong></span> <span class='ocrx_word' id='word_1_169' title='bbox 551 3066 707 3127; x_wconf 89' lang='lat' dir='ltr'><strong>coloniam</strong></span> <span class='ocrx_word' id='word_1_170' title='bbox 742 3067 954 3131; x_wconf 85' lang='lat' dir='ltr'><strong>Treverorum</strong></span> <span class='ocrx_word' id='word_1_171' title='bbox 991 3065 1167 3145; x_wconf 89' lang='lat' dir='ltr'><strong>transgredi</strong></span> <span class='ocrx_word' id='word_1_172' title='bbox 1201 3070 1330 3144; x_wconf 91' lang='lat' dir='ltr'><strong>jubetur</strong></span> 
     </span>
     <span class='ocr_line' id='line_1_26' title="bbox 306 3178 1330 3258; baseline 0.008 -20"><span class='ocrx_word' id='word_1_173' title='bbox 306 3178 472 3258; x_wconf 87' lang='lat' dir='ltr'><strong>praefinita</strong></span> <span class='ocrx_word' id='word_1_174' title='bbox 502 3178 552 3239; x_wconf 90' lang='lat' dir='ltr'><strong>die</strong></span> <span class='ocrx_word' id='word_1_175' title='bbox 581 3179 663 3238; x_wconf 83' lang='lat' dir='ltr'><strong>intra</strong></span> <span class='ocrx_word' id='word_1_176' title='bbox 694 3199 788 3258; x_wconf 90' lang='lat' dir='ltr'><strong>quam</strong></span> <span class='ocrx_word' id='word_1_177' title='bbox 821 3180 930 3240; x_wconf 89' lang='lat' dir='ltr'><strong>castris</strong></span> <span class='ocrx_word' id='word_1_178' title='bbox 965 3179 1139 3242; x_wconf 87' lang='lat' dir='ltr'><strong>excederet.</strong></span> <span class='ocrx_word' id='word_1_179' title='bbox 1189 3180 1330 3246; x_wconf 91' lang='lat' dir='ltr'><strong>medium</strong></span> 
     </span>
     <span class='ocr_line' id='line_1_27' title="bbox 309 3291 1331 3378; baseline 0 -21"><span class='ocrx_word' id='word_1_180' title='bbox 309 3314 402 3357; x_wconf 92' lang='lat' dir='ltr'><strong>omne</strong></span> <span class='ocrx_word' id='word_1_181' title='bbox 425 3305 551 3373; x_wconf 87' lang='lat' dir='ltr'><strong>tempus</strong></span> <span class='ocrx_word' id='word_1_182' title='bbox 571 3312 630 3371; x_wconf 89' lang='lat' dir='ltr'><strong>per</strong></span> <span class='ocrx_word' id='word_1_183' title='bbox 650 3291 753 3354; x_wconf 86' lang='lat' dir='ltr'><strong>varias</strong></span> <span class='ocrx_word' id='word_1_184' title='bbox 775 3312 865 3355; x_wconf 90' lang='lat' dir='ltr'><strong>curas</strong></span> <span class='ocrx_word' id='word_1_185' title='bbox 884 3314 984 3373; x_wconf 88' lang='lat' dir='ltr'><strong>egere,</strong></span> <span class='ocrx_word' id='word_1_186' title='bbox 1005 3293 1221 3373; x_wconf 84' lang='lat' dir='ltr'><strong>ignavissimus</strong></span> <span class='ocrx_word' id='word_1_187' title='bbox 1243 3296 1331 3378; x_wconf 90' lang='lat' dir='ltr'><strong>quis-</strong></span> 
     </span>
     <span class='ocr_line' id='line_1_28' title="bbox 309 3405 1330 3493; baseline 0.004 -23"><span class='ocrx_word' id='word_1_188' title='bbox 309 3430 370 3493; x_wconf 90' lang='lat' dir='ltr'><strong>que</strong></span> <span class='ocrx_word' id='word_1_189' title='bbox 387 3429 548 3472; x_wconf 89' lang='lat' dir='ltr'><strong>caesorum</strong></span> <span class='ocrx_word' id='word_1_190' title='bbox 563 3405 647 3489; x_wconf 88' lang='lat' dir='ltr'><strong>apud</strong></span> <span class='ocrx_word' id='word_1_191' title='bbox 658 3407 777 3470; x_wconf 86' lang='lat' dir='ltr'><strong>Vetera</strong></span> <span class='ocrx_word' id='word_1_192' title='bbox 792 3410 937 3491; x_wconf 84' lang='lat' dir='ltr'><strong>exemplo</strong></span> <span class='ocrx_word' id='word_1_193' title='bbox 952 3423 1111 3492; x_wconf 84' lang='lat' dir='ltr'><strong>paventes,</strong></span> <span class='ocrx_word' id='word_1_194' title='bbox 1127 3412 1240 3474; x_wconf 89' lang='lat' dir='ltr'><strong>melior</strong></span> <span class='ocrx_word' id='word_1_195' title='bbox 1253 3433 1330 3493; x_wconf 86' lang='lat' dir='ltr'><strong>pars</strong></span> 
     </span>
     <span class='ocr_line' id='line_1_29' title="bbox 306 3519 1331 3608; baseline 0.004 -23"><span class='ocrx_word' id='word_1_196' title='bbox 306 3524 425 3586; x_wconf 88' lang='lat' dir='ltr'><strong>rubore</strong></span> <span class='ocrx_word' id='word_1_197' title='bbox 448 3534 478 3584; x_wconf 90' lang='lat' dir='ltr'><strong>et</strong></span> <span class='ocrx_word' id='word_1_198' title='bbox 498 3521 638 3584; x_wconf 74' lang='lat' dir='ltr'><strong>infamia.</strong></span> <span class='ocrx_word' id='word_1_199' title='bbox 680 3523 774 3604; x_wconf 89' lang='lat' dir='ltr'><strong>quale</strong></span> <span class='ocrx_word' id='word_1_200' title='bbox 795 3520 874 3584; x_wconf 92' lang='lat' dir='ltr'><strong>illud</strong></span> <span class='ocrx_word' id='word_1_201' title='bbox 892 3519 975 3585; x_wconf 75' lang='lat' dir='ltr'><strong>iter?</strong></span> <span class='ocrx_word' id='word_1_202' title='bbox 1002 3525 1073 3608; x_wconf 87' lang='lat' dir='ltr'><strong>quis</strong></span> <span class='ocrx_word' id='word_1_203' title='bbox 1093 3524 1161 3588; x_wconf 86' lang='lat' dir='ltr'><strong>dux</strong></span> <span class='ocrx_word' id='word_1_204' title='bbox 1180 3522 1275 3591; x_wconf 84' lang='lat' dir='ltr'><strong>viae?</strong></span> <span class='ocrx_word' id='word_1_205' title='bbox 1297 3538 1331 3589; x_wconf 90' lang='lat' dir='ltr'><strong>et</strong></span> 
     </span>
     <span class='ocr_line' id='line_1_30' title="bbox 307 3635 1330 3723; baseline 0.004 -24"><span class='ocrx_word' id='word_1_206' title='bbox 307 3636 415 3700; x_wconf 90' lang='lat' dir='ltr'><strong>omnia</strong></span> <span class='ocrx_word' id='word_1_207' title='bbox 442 3636 477 3696; x_wconf 93' lang='lat' dir='ltr'><strong>in</strong></span> <span class='ocrx_word' id='word_1_208' title='bbox 507 3635 638 3697; x_wconf 90' lang='lat' dir='ltr'><strong>arbitrio</strong></span> <span class='ocrx_word' id='word_1_209' title='bbox 667 3655 779 3698; x_wconf 87' lang='lat' dir='ltr'><strong>eorum</strong></span> <span class='ocrx_word' id='word_1_210' title='bbox 809 3656 889 3719; x_wconf 88' lang='lat' dir='ltr'><strong>quos</strong></span> <span class='ocrx_word' id='word_1_211' title='bbox 910 3637 993 3702; x_wconf 84' lang='lat' dir='ltr'><strong>vitae</strong></span> <span class='ocrx_word' id='word_1_212' title='bbox 1015 3639 1163 3723; x_wconf 89' lang='lat' dir='ltr'><strong>necisque</strong></span> <span class='ocrx_word' id='word_1_213' title='bbox 1184 3640 1330 3704; x_wconf 90' lang='lat' dir='ltr'><strong>dominos</strong></span> 
     </span>
     <span class='ocr_line' id='line_1_31' title="bbox 306 3748 1331 3836; baseline 0.003 -22"><span class='ocrx_word' id='word_1_214' title='bbox 306 3750 462 3814; x_wconf 85' lang='lat' dir='ltr'><strong>fecissent.</strong></span> <span class='ocrx_word' id='word_1_215' title='bbox 505 3749 568 3810; x_wconf 88' lang='lat' dir='ltr'><strong>Alii</strong></span> <span class='ocrx_word' id='word_1_216' title='bbox 596 3751 686 3811; x_wconf 89' lang='lat' dir='ltr'><strong>nulla</strong></span> <span class='ocrx_word' id='word_1_217' title='bbox 714 3748 875 3836; x_wconf 78' lang='lat' dir='ltr'><strong>dedecoris</strong></span> <span class='ocrx_word' id='word_1_218' title='bbox 900 3773 976 3814; x_wconf 89' lang='lat' dir='ltr'><strong>cura</strong></span> <span class='ocrx_word' id='word_1_219' title='bbox 1003 3756 1168 3834; x_wconf 89' lang='lat' dir='ltr'><strong>pecuniam</strong></span> <span class='ocrx_word' id='word_1_220' title='bbox 1195 3767 1250 3817; x_wconf 88' lang='lat' dir='ltr'><strong>aut</strong></span> <span class='ocrx_word' id='word_1_221' title='bbox 1277 3776 1331 3817; x_wconf 85' lang='lat' dir='ltr'><strong>ca·</strong></span> 
     </span>
     <span class='ocr_line' id='line_1_32' title="bbox 306 3863 1331 3949; baseline 0.004 -22"><span class='ocrx_word' id='word_1_222' title='bbox 306 3866 430 3927; x_wconf 89' lang='lat' dir='ltr'><strong>rissima</strong></span> <span class='ocrx_word' id='word_1_223' title='bbox 453 3863 577 3926; x_wconf 89' lang='lat' dir='ltr'><strong>sibimet</strong></span> <span class='ocrx_word' id='word_1_224' title='bbox 598 3863 659 3944; x_wconf 87' lang='lat' dir='ltr'><strong>ipsi</strong></span> <span class='ocrx_word' id='word_1_225' title='bbox 678 3863 883 3926; x_wconf 87' lang='lat' dir='ltr'><strong>circumdare.</strong></span> <span class='ocrx_word' id='word_1_226' title='bbox 926 3865 1054 3949; x_wconf 89' lang='lat' dir='ltr'><strong>quidam</strong></span> <span class='ocrx_word' id='word_1_227' title='bbox 1076 3866 1222 3949; x_wconf 88' lang='lat' dir='ltr'><strong>expedire</strong></span> <span class='ocrx_word' id='word_1_228' title='bbox 1242 3890 1331 3932; x_wconf 90' lang='lat' dir='ltr'><strong>arma</strong></span> 
     </span>
     <span class='ocr_line' id='line_1_33' title="bbox 306 3975 1329 4062; baseline 0.004 -21"><span class='ocrx_word' id='word_1_229' title='bbox 306 3980 438 4062; x_wconf 87' lang='lat' dir='ltr'><strong>telisque</strong></span> <span class='ocrx_word' id='word_1_230' title='bbox 460 3990 608 4058; x_wconf 87' lang='lat' dir='ltr'><strong>tanquam</strong></span> <span class='ocrx_word' id='word_1_231' title='bbox 636 3975 671 4036; x_wconf 87' lang='lat' dir='ltr'><strong>io</strong></span> <span class='ocrx_word' id='word_1_232' title='bbox 695 3977 792 4039; x_wconf 90' lang='lat' dir='ltr'><strong>aciem</strong></span> <span class='ocrx_word' id='word_1_233' title='bbox 815 3977 943 4058; x_wconf 86' lang='lat' dir='ltr'><strong>accingi.</strong></span> <span class='ocrx_word' id='word_1_234' title='bbox 990 3980 1077 4043; x_wconf 89' lang='lat' dir='ltr'><strong>Haec</strong></span> <span class='ocrx_word' id='word_1_235' title='bbox 1105 3979 1329 4046; x_wconf 90' lang='lat' dir='ltr'><strong>meditantibus</strong></span> 
     </span>
    </p>
   </div>
   <div class='ocr_carea' id='block_1_8' title="bbox 0 0 1475 4625">
    <p class='ocr_par' dir='ltr' id='par_1_10' title="bbox 0 0 1475 4625">
     <span class='ocr_line' id='line_1_34' title="bbox 0 0 1475 4625; baseline 0 0"><span class='ocrx_word' id='word_1_236' title='bbox 0 0 1475 4625; x_wconf 95' lang='lat' dir='ltr'><strong> </strong></span> 
     </span>
    </p>
   </div>
  </div>
 </body>
</html>
