2934 4625
455 276 519 348 EX
539 274 779 346 HISTORIIS
1085 276 1130 346 ὦ

108 457 198 535 anie,
228 477 309 542 quoa
337 455 502 537 ambiguus
529 452 722 520 auxiliorum
742 452 872 517 ‚animas
896 465 928 518 et
948 451 1053 519 subito
1073 450 1130 517 de·

107 571 191 634 lectu
212 570 373 653 suppletae
393 569 534 650 legiones
554 571 719 648 angebant,
735 569 848 631 'statuit
868 568 1027 632 continere
1046 567 1131 635 intra

110 696 213 750 caetra
239 685 381 758 militem
432 682 506 748 dein
535 682 730 766 poenitentia
761 692 792 744 et
823 683 1025 763 arguentibus
1054 682 1130 765 ipsis

110 800 167 883 qui
183 811 347 866 euaserant
365 811 517 883 tanquam
534 795 847 880 secuturusscripsir
859 798 1022 860 Herennio
1038 796 1130 862 Gallo

109 914 242 995 legionis
262 915 383 997 primae
403 916 521 995 legato,
542 914 600 999 qui
620 914 767 978 Bonnam
789 913 965 993 obtinebat,
986 924 1024 976 ut
1045 933 1131 976 aruc·

109 1040 158 1090 ret
179 1030 315 1116 mansites·
329 1029 482 1092 Batavos:
506 1049 539 1091 se
561 1037 640 1089 cum
655 1026 796 1090 exercitu
815 1025 910 1105 tergis
929 1037 1040 1091 'eorum
1053 1027 1132 1090 'bae-

110 1163 232 1208 aurum.
259 1143 314 1207 ‘Et
337 1143 474 1226 opprimi
494 1154 650 1225 poterant,
676 1143 705 1206 si
724 1142 799 1206 hinc
815 1139 1033 1220 Hordeonius,
1057 1139 1132 1205 inde

113 1256 224 1326 Gellua
243 1257 336 1326 motin
357 1257 508 1341 utrinque
530 1258 629 1340 copiis
650 1254 773 1321 medios
799 1254 993 1321 clausissent.
1042 1256 1133 1322 Flac·

112 1387 167 1436 cus
189 1373 294 1437 omisit
312 1373 473 1455 inceptum
502 1374 635 1456 aliisque
663 1372 763 1436 literis
785 1371 912 1435 Gallum
939 1374 1065 1438 monuit
1092 1395 1133 1436 ne

110 1498 244 1550 terreret
271 1487 452 1550 abeuntem.
484 1482 569 1548 unde
591 1483 726 1570 auspicio
749 1497 860 1567 sponte
880 1485 1055 1566 legatorum
1077 1507 1134 1550 ex·

112 1599 201 1666 citari
221 1602 339 1665 bellum
361 1610 535 1680 cunctaque
557 1619 639 1680 quae
669 1595 853 1661 acciderunt¹
869 1609 923 1660 aut
949 1601 1135 1663 metueban-

111 1725 166 1778 tur
185 1731 254 1776 noa
280 1711 394 1780 inertia
420 1711 527 1776 militis
552 1730 657 1794 neque
685 1709 825 1773 bostium
852 1708 908 1775 sed
934 1709 1047 1775 fraude
1074 1710 1134 1776 du·

112 1828 364 1894 removerere·
1011 1833 1016 1840 '

198 1940 309 2005 Batavi
323 1953 327 1961 '
342 1961 443 2022 quum
478 1937 589 2003 castris
622 1938 838 2003 bunnensibus
872 1940 1219 2028 propinquarentflm

113 2053 301 2140 praemisere
322 2053 379 2137 qni
399 2053 563 2138 Herennio
589 2052 681 2117 Gallo
705 2052 852 2118 mandata
874 2055 1053 2119 cohortium
1078 2076 1135 2118 ex·

113 2181 255 2252 poneret.
298 2169 430 2250 ‘nullum
456 2169 517 2232 sibi
543 2171 661 2234 bellum
691 2167 841 2235 adversus
866 2170 1045 2251 Romanos,
1073 2191 1134 2253 pro

115 2283 230 2366 quibus
251 2282 366 2346 totiens
384 2284 571 2346 bellassentr
597 2284 693 2364 longa
714 2297 808 2368 atque
828 2283 920 2348 Irrita
940 2286 1052 2349 militia
1072 2286 1135 2349 fee-

115 2398 158 2459 eis
178 2396 297 2476 patriae
317 2408 411 2477 etque
433 2395 490 2456 otii
511 2394 690 2475 cupidinem
711 2415 789 2456 eeee.
838 2396 980 2459 sinemo
1002 2395 1134 2458 ebriete-

114 2522 174 2589 ret,
195 2509 361 2573 innoxium
381 2510 443 2571 iter
465 2507 553 2570 foret
574 2508 624 2569 ein
643 2528 730 2569 arma
752 2524 927 2588 occurrant,
948 2511 1035 2573 ferro
1050 2514 1135 2574 viam

113 2623 320 2689 inventuros?
377 2622 583 2687 Cunctantem
606 2624 753 2703 'legatum
786 2623 899 2685 milites
932 2625 1137 2706 perpulerant

115 2741 275 2805 fortsmam
296 2738 410 2821 proelii
431 2738 640 2820 experiretur.
682 2739 744 2801 trie
767 2728 865 2801 millia
892 2739 1136 2820 leglenariorum

116 2867 147 2918 et
175 2853 399 2916 tumultuariae
426 2853 594 2932 Belgarum
623 2851 786 2930 cobortes,
818 2852 911 2914 simul
940 2873 1135 2934 paganorum

113 2971 315 3051 lixarumque
346 2966 460 3047 ignava
487 2965 542 3030 sed
570 2986 692 3049 procax
719 2979 793 3029 ante
816 2968 997 3050 ¹periculum
1022 2989 1135 3033 manua

116 3086 262 3150 omnihus
290 3081 590 3164 portierumpunt,
618 3092 655 3142 ut
680 3080 818 3144 Batavos
842 3086 974 3142 numero
998 3080 1143 3163 impares

114 3192 376 3261 circumfundant.
417 3194 468 3255 Illi
495 3204 617 3257 veteree
645 3193 773 3255 militiae
799 3193 833 3256 in
861 3200 978 3259 cuneos
1006 3215 1136 3276 congre·

113 3324 236 3392 gantur,
257 3307 347 3373 densi
365 3307 506 3392 undique
527 3321 559 3371 et
577 3309 715 3372 frontem
733 3321 884 3392 tergaque
907 3332 942 3373 ac
963 3312 1044 3374 lalus
1064 3313 1136 3374 tuti.

114 3425 160 3486 eic
188 3436 316 3486 tenuem
347 3437 528 3487 nostrorum
557 3423 656 3487 aciem
683 3424 893 3506 perfringunt.
919 3421 923 3427 ’
945 3421 1141 3487 Cedentibue'

115 3536 221 3618 Belgis
242 3537 370 3619 pellitur
394 3527 493 3618 legio,
525 3549 556 3599 et
575 3538 695 3600 vallum
722 3549 893 3619 portaeque
913 3534 1029 3618 trepidi
1047 3551 1136 3619 pete·

114 3655 203 3717 bant.
251 3651 298 3713 ibi
325 3650 497 3732 plurimum
517 3647 632 3728 cladis,
665 3651 839 3712 cumulatae
860 3650 1048 3731 corporibus
1071 3650 1138 3716 ios·

116 3786 187 3844 eae,
208 3787 267 3830 nec
288 3762 383 3827 caede
403 3776 526 3827 tantum
546 3777 578 3826 et
599 3764 802 3844 vulneribus,
825 3763 880 3827 sed
902 3765 997 3828 ruina
1019 3766 1138 3829 etauio

114 3882 259 3966 plerique
289 3880 359 3945 ldis
389 3880 548 3942 interiere.
601 3880 745 3959 Victoree
774 3883 897 3946 colonia
926 3882 1139 3964 Agrippinen·

26 4016 28 4097 ‘p
116 3997 198 4058 aium
219 3997 314 4060 citata
336 3997 416 4060 nibil
437 4002 540 4060 cetero
561 3996 594 4059 in
615 3994 727 4061 itinere
749 3997 860 4060 boetile
884 3994 952 4057 ausi
975 3994 1138 4055 bunnense

830 4106 877 4167 6*
