2934 4625
320 255 381 324 stt
662 251 724 320 [tx
747 250 985 320 HISTORIIS

318 422 489 489 conandum
509 423 612 487 habco
633 442 728 506 quam
750 420 837 507 quod
859 441 916 488 vos
937 421 1040 502 gallici
1061 420 1198 486 foederis
1220 424 1337 490 oblitos
1448 423 1449 452 ³

316 539 435 605 redisse
456 539 491 601 in
512 538 696 604 memoriam
716 539 841 602 romani
861 539 1046 601 sacramenti
1068 552 1186 603 temere
1207 541 1338 605 credidi.
1449 565 1450 568 ¹

318 659 551 719 annumerabor
579 653 731 717 NumisiIs
762 666 793 716 et
821 654 1008 732 Herenniis,
1041 667 1077 719 ut
1109 675 1218 718 omncs
1246 657 1339 737 legati

318 772 413 837 vestri
434 784 488 833 aut
510 770 646 834 militum
666 770 812 833 manibus
833 784 887 834 aut
907 771 1046 833 hostium
1067 767 1245 832 ceciderint.
1285 770 1338 849 ite,
1450 777 1451 780 ’

208 951 213 964 ,
318 886 459 949 nuntiate
486 883 682 966 Vespasiano
713 885 784 964 vel,
816 883 902 972 qcrod
932 884 1064 966 propius
1094 896 1157 962 cst,
1188 883 1282 949 Civili
1308 898 1340 947 et

212 1079 216 1086 ῃ
319 1001 456 1064 Classico
484 1000 628 1063 relictum
656 999 791 1065 euobis
820 999 855 1064 iu
884 999 949 1066 acie
979 996 1101 1064 ducem.
1141 998 1271 1070 venient
1293 1002 1339 1062 Ie-

317 1118 427 1198 giones
458 1135 540 1198 quae
569 1135 673 1198 neque
701 1136 752 1178 ms
780 1115 917 1180 inultum
948 1134 1053 1198 usque
1080 1133 1138 1178 vos
1166 1112 1339 1197 impunitos

319 1229 498 1314 patiantur?

235 1358 307 1424 tas
403 1346 490 1409 Vera
510 1355 600 1407 crant
623 1356 653 1407 et
674 1367 692 1408 a
713 1343 849 1408 tribunis
871 1344 1098 1427 praefectisque
1120 1339 1229 1406 eadem
1253 1341 1341 1423 inge·

320 1459 482 1524 rebantur.
524 1456 706 1522 consistunt
727 1478 786 1539 per
803 1458 947 1521 cohortes
969 1470 1001 1520 et
1018 1459 1212 1540 manipulos:
1237 1477 1339 1539 neque
1452 1437 1453 1440 Ἴ

320 1572 404 1634 enim
425 1585 572 1653 poterant
591 1582 753 1652 patescere
775 1567 857 1631 acies
879 1570 979 1632 effuso
999 1570 1088 1633 hoste
1116 1580 1148 1631 et
1167 1568 1342 1650 impedien-

292 1685 404 1746 -tibus
426 1683 566 1748 tentoriis
588 1682 797 1766 sarcinisque,
820 1702 920 1766 quum
941 1682 1024 1745 intra
1047 1683 1165 1747 vallum
1185 1702 1342 1764 pugnare·

321 1811 384 1863 tur.
432 1800 536 1862 Tutor
566 1810 598 1861 et
627 1797 781 1861 Classicus
810 1809 842 1860 ct
871 1795 979 1861 Civilis
1008 1796 1073 1860 suis
1100 1796 1234 1881 quisque
1263 1796 1340 1860 Iocis

320 1936 458 1996 pugnam
479 1914 619 1992 ciebant,
640 1913 748 1978 Gallos
771 1935 829 1996 pro
850 1913 1012 1990 libertate,
1034 1913 1170 1975 Batauos
1191 1929 1252 1991 pro
1273 1910 1341 1988 glo·

320 2029 385 2104 ria,
413 2027 585 2090 Germanos
613 2025 653 2089 ad
682 2025 831 2108 praedam
858 2025 1048 2105 instigantes.
1090 2025 1130 2088 Et
1150 2036 1261 2086 cuncta
1280 2043 1340 2105 pro

320 2140 466 2204 hostibus
497 2153 602 2217 erant,
637 2139 738 2202 donec
772 2140 852 2219 legio
889 2119 1132 2204 tsnaetuicesima
1166 2140 1340 2224 patentiore

323 2274 419 2338 quam
441 2265 559 2318 ceterae
581 2253 683 2336 spatio
708 2255 894 2336 conglobata
915 2253 1064 2319 sustinuit
1087 2268 1231 2334 ruentes,
1266 2276 1340 2320 mox

320 2370 455 2452 impulit.
495 2369 563 2433 Nec
590 2371 658 2433 sins
687 2390 749 2454 ops
780 2368 888 2434 divina
916 2372 1041 2435 mutatis
1058 2385 1201 2454 ¹repente
1231 2371 1342 2434 anImis

321 2497 407 2567 terga
422 2488 557 2550 uictores
570 2498 704 2550 vertere.
745 2484 808 2569 ipsi
826 2486 950 2551 territos
969 2507 1001 2549 se
1021 2485 1198 2550 cohortium
1215 2496 1342 2567 aspectu

320 2603 483 2681 ferebant,
512 2623 594 2685 quae
621 2601 725 2684 primo
753 2605 875 2685 impetu
901 2600 1047 2683 disjectas
1074 2601 1203 2665 summis
1231 2622 1342 2665 rursus

320 2717 400 2797 jugis
430 2716 699 2796 congregabantur
724 2738 760 2779 ao
787 2716 923 2799 speciem
950 2716 1028 2781 novi
1056 2714 1168 2779 auxilii
1194 2714 1343 2778 fecerant.

323 2828 387 2892 Sed
420 2830 539 2893 obstitit
570 2830 769 2893 vincentibus
799 2850 933 2912 pravum
962 2828 1045 2892 inter
1071 2829 1157 2911 ipsos
1188 2842 1343 2893 certamen

256 3016 258 3019 ⁸
324 2946 440 3009 omisso
470 2946 560 3008 hosts
592 2944 692 3026 spolia
722 2942 931 3009 consectandi·
988 2944 1118 3008 Cerialis
1154 2958 1190 3007 ut
1222 2941 1344 3006 incuria

324 3079 425 3141 prope
446 3078 497 3120 res
520 3058 640 3137 afflixit,
660 3059 898 3127 ita'constantia
918 3060 1053 3123 restituit
1068 3073 1256 3141 secutusque
1276 3058 1344 3121 for·

324 3183 433 3234 tunam
456 3183 555 3234 castra
578 3172 715 3234 hostium
739 3171 849 3235 eodem
872 3170 923 3253 die
945 3173 1028 3253 capit
1047 3167 1274 3253 exscinditque.
1302 3227 1305 3233 .

240 3310 267 3372 4,
276 3308 310 3358 ts
409 3283 476 3346 Nec
504 3283 539 3345 in
566 3286 697 3363 longum
726 3284 815 3366 quies
844 3283 936 3347 militi
965 3283 1046 3346 data.
1097 3285 1231 3346 orabant
1254 3279 1346 3345 auxi·

324 3398 403 3460 lium
429 3399 675 3482 Agrippinenses
705 3400 944 3485 offerebantque
973 3421 1106 3464 uxorem
1136 3423 1172 3464 ac
1202 3420 1344 3464 sororem

326 3511 434 3576 Civilis
461 3527 491 3577 et
510 3513 606 3599 filiam
629 3513 774 3595 ClassicI,
806 3514 913 3578 relicta
940 3514 1000 3577 sibi
1024 3514 1156 3595 pignora
1181 3513 1345 3575 societatis.

325 3639 421 3709 atque
444 3628 571 3693 interim
596 3627 753 3713 dispersos
779 3632 812 3692 in
836 3629 981 3692 domibus
1010 3627 1184 3691 Germanos
1208 3624 1345 3692 trucida·

325 3718 452 3818 ierant:
483 3740 568 3804 unde
589 3755 689 3805 metus
711 3756 743 3828 et
762 3745 861 3821 justae
882 3760 990 3823 preces
1010 3741 1239 3817 invocantium,
1260 3751 1346 3802 ante·

326 3876 422 3937 quam
444 3857 548 3918 hostes
572 3858 722 3938 reparatis
746 3856 866 3923 viribus
888 3855 928 3919 ad
950 3876 1036 3937 spem
1061 3855 1113 3918 vel
1134 3853 1174 3918 ad
1194 3856 1347 3918 ultionem

327 3967 572 4050 accingerentur.
615 3988 752 4052 namque
775 3981 805 4030 et
830 3967 938 4031 cicilie
959 3968 1034 4031 illuc
1055 3966 1250 4044 intenderat,
1280 3986 1346 4029 non
