2934 4625
468 276 530 344 EX
553 275 806 344 ANNALlBUS
1104 278 1147 345 35

126 454 224 513 latera
243 448 399 530 legiones,
431 460 516 510 metu
542 469 582 511 an
607 447 822 526 contumacia,
852 449 958 511 locum
982 445 1148 511 deseruere

127 574 216 645 capto
247 583 383 645 propere
418 583 528 644 canrpo
563 563 726 627 humentia
755 565 848 626 ultra.
900 560 1014 645 Neque
1042 561 1150 636 tamen‘
1244 583 1246 586 ·

125 675 302 753 Arminius,
336 695 518 758 quanquam
547 673 649 738 libero
677 675 824 755 incursu,
854 675 957 738 statim
984 678 1149 758 prorupit:

126 788 181 852 sed
210 802 247 852 ut
276 790 406 852 haesere
438 806 538 851 coeno
573 790 728 873 fossisque
759 787 982 871 impedimenta
989 830 1000 860 ,
1031 790 1150 851 turbati
1207 873 1210 878 θ

127 893 394 979 circum'militcs,
425 902 563 990 incertus
593 904 755 984 signorum
783 901 880 979 ordo,
911 916 1009 985 utque
1036 905 1091 965 tali
1117 904 1151 964 in

126 1008 287 1096 tempore,
308 1013 369 1077 sibi
390 1015 526 1096 quisque
548 1034 707 1098 properus
729 1027 760 1076 et
779 1016 884 1076 lentae
905 1014 1073 1078 adversum
1092 1014 1151 1076 im·

126 1125 216 1207 peria
244 1146 352 1201 aures,
382 1126 560 1210 irrumpere
591 1128 765 1192 Germanos
792 1129 882 1207 jubet
912 1127 1074 1190 clamitans
1103 1133 1152 1191 ‘en

126 1239 232 1300 Varus
262 1249 294 1302 et
321 1237 496 1325 eodemque
524 1242 639 1304 iterum
668 1242 736 1304 fato
758 1243 881 1304 vinctae
904 1242 1062 1322 legiones?
1104 1241 1153 1304 Si-

125 1353 193 1415 mul
215 1354 293 1416 haec
312 1365 432 1416 etcum
454 1352 579 1417 delectis
602 1351 714 1418 scindit
734 1375 856 1435 agmen,
878 1355 1031 1439 equisque
1050 1355 1152 1417 maxi·

126 1489 177 1531 mc
200 1469 335 1533 vulnera
361 1468 485 1549 ingerit.
534 1469 582 1533 illi
602 1470 753 1551 sangnine
775 1492 834 1534 suo
856 1484 888 1533 et
913 1472 1036 1535 lubrico
1062 1475 1153 1553 palu·

128 1579 205 1650 dum
226 1582 383 1662 lapsantes
406 1581 546 1644 excussis
566 1586 743 1665 rectoribus
765 1583 906 1661 disjicere
928 1585 1058 1661 obvios,
1077 1608 1154 1667 pro·

127 1705 231 1755 terere
250 1697 399 1769 jacentes.
441 1691 598 1771 plurimus
621 1692 703 1753 circa
724 1692 846 1774 aquilas
867 1696 972 1774 labor,
994 1716 1077 1779 quae
1100 1717 1155 1758 ne·

129 1828 192 1891 qne
222 1804 301 1868 ferri
328 1802 495 1870 adversum
523 1802 703 1883 ingruentia
732 1806 796 1866 tela
829 1826 933 1889 neque
963 1806 1016 1889 figi
1044 1808 1156 1872 limosa

128 1921 227 1983 humo
254 1930 412 2002 poterant.
455 1916 589 1979 Caecina
610 1915 686 1978 dum
707 1929 860 1981 sustentat
881 1919 996 1999 aciem,
1020 1923 1156 1987 suffosso

132 2053 215 2115 equo
245 2029 390 2115 delapsus
423 2029 744 2108 circumveniebatur,
775 2031 811 2093 ni
840 2032 944 2113 prima
975 2035 1057 2115 legio
1087 2056 1156 2100 sese

130 2146 338 2230 opposuisset.
377 2145 456 2225 juvit
479 2144 617 2208 hostium
646 2144 780 2209 aviditas
807 2145 923 2209 omissa
948 2147 1043 2211 caede
1063 2172 1156 2232 prae·

131 2260 203 2326 dam
234 2261 436 2338 sectantium,
470 2259 637 2346 enisaeque
669 2262 809 2356 legiones
842 2277 1080 2346 vesperascente
1106 2263 1156 2328 die

129 2381 162 2442 in
184 2390 292 2461 aperte
314 2389 345 2439 et
365 2374 475 2440 solida.
516 2375 630 2459 Neque
648 2377 675 2437 is
694 2375 893 2438 miseriarum
909 2376 991 2440 finis.
1032 2391 1156 2440 struen-

131 2492 208 2555 dum
236 2472 372 2564 vallum,
401 2485 555 2567 petendus
585 2505 694 2577 agger:
728 2489 842 2550 amissa
866 2510 981 2569 magna
1001 2514 1041 2554 ex
1068 2494 1156 2573 parte

131 2625 190 2686 per
221 2622 303 2685 quae
331 2600 450 2681 geritur
479 2601 594 2662 humus
627 2613 683 2665 aut
714 2601 871 2666 exciditur
900 2623 1036 2684 caespes.
1092 2625 1157 2668 non

131 2716 267 2778 tentoria
288 2712 466 2794 manipulis,
490 2731 557 2774 non
578 2713 718 2775 fomenta
740 2714 863 2777 sauciis.
904 2715 1035 2779 infectos
1059 2737 1158 2780 coeno

134 2841 189 2890 aut
218 2847 330 2891 cruore
360 2827 446 2888 cibos
475 2825 668 2903 dividentes,
700 2828 842 2890 funestas
866 2831 1028 2906 tenebras,
1060 2842 1092 2890 et
1112 2840 1159 2891 tot

134 2942 300 3005 bominum
330 2942 468 3003 millibus
497 2962 596 3004 unum
623 2948 686 3020 jam
709 2944 869 3026 reliquum
898 2939 982 3003 diem
1009 2943 1159 3003 lamenta·

135 3058 261 3119 buntur.

218 3175 315 3238 Forte
337 3191 438 3256 equus
459 3169 601 3252 abruptis
618 3168 753 3232 vinculis
774 3188 870 3249 vagus
888 3182 919 3232 et
940 3171 1076 3232 clamore
1097 3180 1160 3230 ter·
1176 3182 1245 3242 t‚oo

134 3287 214 3351 ritus
233 3284 386 3372 quosdam
404 3280 637 3348 occurrentium
658 3282 850 3345 obturbavit.
893 3294 980 3346 tants
993 3281 1069 3345 inde
1086 3302 1160 3344 con·

136 3404 286 3468 sternatio
306 3403 457 3485 irrupisse
482 3399 658 3462 Germanos
682 3393 886 3475 credentium,
906 3410 944 3460 ut
964 3401 1068 3462 cuncti
1086 3418 1162 3460 rue-

138 3529 210 3579 rent
239 3514 278 3578 ad
304 3528 432 3598 portas,
463 3535 597 3598 quarum
627 3510 800 3575 decumana
823 3512 959 3574 maxime
985 3515 1175 3595 petebatur,

139 3651 250 3695 eversa
280 3630 364 3693 hosti
393 3643 423 3692 et
450 3627 642 3709 fugimtibus
671 3627 780 3689 tutior.
824 3624 973 3706 Caecina,
1003 3639 1162 3709 comperto

139 3766 254 3812 vanam
277 3763 343 3807 esse
365 3740 582 3818 formidinem,
606 3762 705 3824 quum
726 3751 833 3803 tamen
853 3762 957 3824 neque
979 3741 1163 3804 auctoritate

140 3881 243 3943 neque
264 3857 428 3941 precibus,
452 3875 492 3916 ne
513 3874 610 3916 manu
632 3851 760 3934 quidem
781 3851 932 3916 obsistere
955 3866 1009 3916 aut
1029 3854 1164 3914 retinere

141 3976 269 4037 militem
299 3974 420 4057 quiret,
452 3976 610 4053 projectus
631 3967 665 4029 in
693 3968 802 4031 limine
827 3981 937 4051 portae
966 3968 1164 4031 miseratione

860 4083 906 4144 3*
