2934 4625
299 257 344 327 at
644 250 706 321 ΒΧ
728 250 966 324 HISTORIIS

300 435 368 502 Nee
385 430 443 494 ,dia
464 440 624 496 consutus
644 426 848 493 Hordeonius
870 427 997 500 nomine
1018 426 1208 510 Vespasiani
1229 428 1326 496 astu

300 546 397 629 idque
418 543 624 627 praecipuum
653 538 816 606 seditionis
842 540 904 604 fuit
930 541 1136 614 alimentum·⁴
1169 545 1263 610 effusi
1288 545 1325 610 in

301 664 414 726 luxum
443 673 474 721 et
499 659 607 741 epulas
635 669 667 720 et
693 670 867 724 normanus
898 669 1004 722 coenis
1025 671 1163 722 veterem
1182 659 1217 720 in
1238 658 1325 722 Hora

302 773 450 840 daonium
480 775 562 835 iram
588 786 762 851 renovant,
791 791 850 834 nec
877 772 944 836 ullo
973 773 1149 853 legatorum
1177 774 1324 838 tribuno·

300 865 423 953 rumve
436 887 596 962 obsistere
633 909 710 952 auso
747 884 880 973 (quippe
912 907 1039 956 omnem
1069 886 1224 970 pudorem
1256 910 1324 953 nox

301 996 473 1083 ademerat)
502 1012 741 1081 protractume
771 1001 869 1070 cubili
893 1000 1113 1072 interficiunt„
1140 1000 1259 1064 Eadem
1285 1003 1322 1068 itt

299 1117 455 1179 Voculam
479 1117 690 1197 parabantur,
719 1117 787 1178 nisi
817 1118 926 1182 servili
952 1118 1061 1182 habitu
1090 1139 1149 1199 per
1176 1120 1322 1182 tenebras

298 1231 460 1310 &normas
495 1227 650 1292 evasisset.
705 1226 764 1289 ubi
796 1226 904 1304 sedato
936 1228 1057 1311 impetu
1084 1239 1187 1296 metus
1218 1227 1322 1308 rediit,

301 1344 503 1432 centuriones
521 1364 594 1414 cum
615 1340 756 1424 epistolis
784 1342 826 1406 ad
853 1343 993 1410 civitates
1014 1343 1189 1407 Galliarum
1207 1344 1332 1408 muers.

301 1456 419 1526 auxilia
438 1479 474 1522 ac
493 1453 651 1537 stipendia
671 1468 827 1532 oraturos·
1154 1525 1157 1530 ⁴

215 1581 286 1645 ⁴2⁸⁷
384 1567 466 1651 Ipsi,
486 1580 522 1629 ut
541 1580 589 1629 cst
609 1570 721 1648 vulgus
743 1568 811 1630 sine
833 1579 955 1632 rectore
975 1588 1140 1651 praeceps,
1155 1567 1323 1651 pavidum,

299 1701 417 1759 socors,
443 1679 630 1744 adventante
642 1679 765 1757 Civile,
788 1681 887 1762 raptis
908 1692 1025 1744 temere
1046 1682 1141 1744 armis
1161 1703 1198 1745 ac
1216 1681 1323 1744 statim

300 1794 423 1872 omissis
453 1795 488 1856 in
518 1796 624 1876 lugam
653 1807 831 1858 vertuntur.
877 1795 941 1876 lies
963 1775 1322 1860 adversaediscordiam

298 1928 451 1990 peperere
469 1908 508 1970 iis
525 1909 615 1991 quie
635 1910 800 1989 superiore
821 1908 962 1974 exercitu
978 1922 1068 1972 erant
1088 1931 1213 1974 causam
1232 1930 1323 1972 suam

300 2020 550 2085 dissociantibus.
590 2023 711 2085 Vitellii
730 2037 836 2086 tamen
857 2024 1015 2104 imagines,
1028 2024 1063 2086 in
1088 2024 1197 2086 castris
1214 2037 1244 2086 et
1261 2042 1322 2106 per

298 2134 460 2214 proximas
489 2135 658 2214 Belgarum
688 2135 828 2200 civitatee
854 2137 1029 2218 repositae,
1056 2157 1154 2220 quum
1179 2142 1241 2215 jam
1260 2136 1322 2198 Vi·

298 2248 401 2310 tellius
424 2246 594 2309 occidisset.
637 2246 711 2310 dein
732 2251 844 2311 mutati
866 2250 902 2311 in
928 2251 1153 2334 poenitentiam
1182 2251 1320 2335 pritnani

299 2363 508 2447 quartanique
525 2377 556 2426 et
569 2363 851 2439 duoetvicesimani
862 2368 1017 2429 Voculam
1034 2382 1217 2450 sequuntur,
1235 2365 1323 2450 apud

299 2497 392 2560 quem
422 2490 584 2559 resumpto
610 2480 800 2561 Vespasiani
828 2495 1022 2543 sacramento
1051 2481 1092 2545 ad
1121 2480 1322 2547 liberandum

296 2592 487 2672 Mogontiaci
508 2592 666 2656 obsidium
687 2574 896 2677 ducebantur}
941 2596 1158 2659 Discesserant
1177 2598 1322 2660 obsesso·

297 2729 366 2785 res,
388 2711 505 2772 ntixtus
527 2730 568 2771 ex
590 2708 727 2788 Chattis,
747 2709 873 2791 Usipis‚
898 2710 1055 2772 Mattiacis
1077 2713 1250 2789 exercitus,
1270 2735 1322 2775 sa·

296 2822 404 2887 tietate
420 2819 556 2902 praedae
577 2843 634 2885 nec
650 2824 819 2887 incruenti.
860 2822 895 2885 in
912 2824 965 2887 via
983 2822 1139 2906 dispersas
1154 2841 1186 2889 ct
1199 2828 1322 2890 nescios

297 2938 387 2999 miles
408 2951 516 3000 noster
536 2938 704 3001 invaserat.
751 2935 836 3013 Quin
858 2950 890 2999 et
910 2939 1041 3005 loricam
1063 2943 1242 3025 vallumque
1262 2967 1323 3026 per

295 3049 375 3117 fines
396 3071 471 3112 suos
491 3052 625 3114 Treveri
646 3064 789 3113 struxere
813 3052 995 3134 magnisque
1022 3053 1158 3117 invicem
1180 3056 1322 3121 cladibus

296 3180 368 3220 cum
397 3161 563 3222 Germanis
595 3163 772 3235 certabant,
805 3158 905 3221 donec
926 3163 1048 3240 egregia
1071 3184 1144 3243 erga
1162 3169 1323 3247 populum

295 3292 463 3335 romanum
484 3275 594 3335 merita
615 3292 692 3334 mox
711 3273 845 3335 rebelles
865 3272 1059 3338 foedarent.-

213 3405 284 3469 ψ
382 3382 425 3470 (a.
448 3380 503 3466 70)
532 3383 650 3446 Audita
677 3385 804 3447 interim
835 3386 1041 3468 per-Gutta
1073 3388 1322 3478 Germaniasque

297 3520 383 3562 mors
410 3499 531 3562 Vitellii
558 3498 773 3581 duplicaverat
798 3504 927 3565 bellum.
966 3523 1040 3565 nam
1068 3503 1175 3568 Civilis
1206 3509 1324 3571 omissa

297 3610 542 3676 dissimulatione
569 3614 604 3675 in
631 3615 785 3695 populum
806 3635 975 3679 romanum
1001 3636 1115 3699 ruere,
1142 3619 1320 3683 vitellianos

295 3728 435 3807 legiones
457 3730 509 3793 vel
529 3740 697 3790 externum
717 3730 879 3793 servitium
900 3753 995 3814 quatu
1014 3734 1235 3814 imperatorem
1252 3723 1321 3794 Ve-

296 3841 477 3921 spasianum
507 3842 610 3905 malle.
667 3840 751 3902 Galli
783 3845 975 3906 sustulerant
1009 3844 1149 3921 aniam,
1186 3841 1321 3908 eandem

299 3954 416 4037 ubique
448 3956 642 4019 exercituum
674 3968 857 4019 nostrorum
887 3959 1046 4021 torturam
1078 3959 1155 4038 rati,
1192 3961 1319 4040 vulgato
