2934 4625
301 202 342 268 16
696 196 929 265 GERMANIA

299 386 348 437 ter
368 368 554 434 Germaniae
575 368 728 451 populos,
761 390 942 453 quanquam
972 381 1059 435 trans
1083 373 1230 437 Rhenum
1250 375 1317 438 Da·

298 487 493 567 nubiumque
517 484 732 564 consederint,
755 506 809 549 eos
831 486 888 569 qui
909 486 1086 551 decumates
1110 511 1200 571 agros
1224 511 1317 553 exer·

298 613 379 664 cent.
420 601 594 666 levissimus
616 603 750 685 quisque
769 603 934 667 Gallorum
955 617 986 666 et
1005 604 1115 687 iuopia
1135 603 1240 668 audax
1258 606 1317 668 du·

296 715 367 776 biae
396 715 602 795 possessionis
631 717 734 779 solum
764 737 968 799 occupavere.
1012 720 1093 782 Mox
1120 720 1217 784 limite
1247 733 1316 785 acto

295 832 509 913 promotisque
531 830 694 913 praesidiis
715 832 804 897 sinus
830 833 956 917 imperii
983 846 1014 898 et
1035 857 1107 918 pars
1134 836 1316 919 provinciae

295 944 463 1008 habentur.

246 1077 284 1127 tto
381 1060 473 1122 Ultra
500 1061 558 1122 hos
588 1058 693 1123 Chatti
719 1059 845 1121 initium
873 1057 954 1121 sedis
984 1061 1024 1120 ab
1052 1060 1205 1142 hercynio
1235 1061 1316 1138 saltu

295 1172 463 1249 inchoant,
491 1191 557 1233 non
578 1171 622 1233 ita
643 1171 751 1233 effusis
773 1193 809 1233 ac
828 1170 1018 1252 palustribus
1038 1172 1116 1234 locis
1137 1184 1172 1234 ut
1194 1183 1315 1238 ceterae

296 1285 453 1361 civitates,
485 1282 519 1344 iu
548 1304 625 1365 quas
648 1282 818 1346 Germania
845 1287 991 1367 patescit3
1024 1285 1139 1348 durant
1159 1284 1315 1370 siquidem

295 1402 409 1477 colles,
444 1400 595 1481 paulatim
616 1414 794 1482 rarescunt,
826 1414 857 1463 et
877 1401 1006 1465 Chattos
1027 1421 1101 1464 suos
1123 1402 1219 1464 saltus
1241 1404 1316 1463 her-

294 1517 404 1597 cynius
427 1514 632 1596 prosequitur
655 1514 748 1577 sirnul
769 1528 862 1596 atque
884 1513 1024 1597 deponit.
1071 1515 1211 1578 Duriora
1231 1514 1316 1595 genti

294 1651 437 1712 corpora,
460 1629 558 1691 stricti
579 1641 684 1706 artus,
713 1631 823 1694 minax
842 1632 947 1696 vultus
970 1643 1001 1693 et
1023 1634 1126 1708 major
1147 1628 1244 1690 ammi
1266 1627 1315 1690 vi·

294 1767 362 1827 gor.
402 1747 536 1808 multum
557 1759 593 1809 ut
620 1748 702 1811 inter
727 1748 902 1811 Germanos
925 1748 1056 1810 rationis
1077 1770 1113 1812 ac
1138 1745 1314 1810 sollertiae:

293 1881 490 1942 praeponere
512 1861 645 1938 eleetos,
676 1857 786 1922 audire
813 1861 1026 1941 praepositos,
1058 1880 1150 1923 nosse
1179 1857 1317 1937 ordines,

293 1974 467 2053 intelligere
485 1975 684 2050 occasiones,
711 1974 838 2036 differre
859 1976 1012 2057 impetus,
1035 1975 1202 2058 disponere
1222 1973 1315 2053 diem,

294 2089 411 2152 vallare
432 2099 573 2164 noctem,
606 2088 768 2149 fortunam
796 2087 881 2148 inter
911 2085 1024 2167 dubia,
1055 2089 1203 2152 virtutem
1230 2086 1315 2148 inter

296 2214 380 2263 certa
402 2222 585 2278 numerare,
619 2200 769 2286 quodque
790 2202 985 2266 rarissimum
1005 2224 1063 2265 nec
1084 2203 1146 2265 nisi
1164 2222 1313 2265 romanae

295 2313 476 2397 disciplinae
504 2335 704 2393 concessum,
735 2317 807 2397 plus
827 2337 983 2397 reponere
1009 2317 1045 2378 in
1065 2316 1144 2379 duce
1165 2337 1260 2399 quam
1280 2316 1315 2377 in

295 2433 444 2494 exercitu.
494 2426 597 2494 Omne
627 2431 729 2492 robur
757 2429 792 2491 in
821 2431 942 2514 pedite,
977 2452 1071 2514 quem
1101 2452 1197 2513 super
1228 2452 1315 2493 arma

294 2546 492 2611 ferramentis
519 2566 648 2629 quoque
676 2561 706 2609 et
734 2546 832 2629 copiis
855 2560 998 2610 onerant.
1050 2547 1135 2609 Alios
1161 2544 1201 2607 ad
1220 2566 1314 2626 proe-

293 2661 374 2721 lium
402 2661 449 2722 ire
478 2656 602 2738 videas,
633 2657 764 2734 Chattos
786 2657 828 2721 ad
853 2661 991 2721 bellum:
1024 2658 1090 2720 rari
1111 2679 1260 2721 excursus
1284 2671 1314 2721 et

295 2777 425 2839 fortuita
450 2797 565 2857 pugna.
607 2774 809 2859 Equestrium
834 2796 909 2840 sane
937 2775 1053 2839 virium
1080 2774 1113 2838 id
1138 2775 1315 2858 proprium,

296 2894 357 2955 cito
378 2912 490 2973 parare
511 2890 693 2968 victoriam,
722 2895 783 2957 cito
806 2891 926 2955 cedere.
966 2892 1114 2955 velocitas
1138 2896 1227 2969 juxta
1248 2891 1314 2953 for-

243 3002 462 3079 arundinem,
496 3007 652 3066 cunctatio
683 3008 817 3086 propior
845 3005 1036 3067 constantiae
1067 3015 1123 3065 est.
1173 3003 1213 3064 Et
1246 3003 1315 3064 aliis

296 3114 523 3176 Germanorum
547 3115 674 3195 populis
696 3129 882 3197 usurpatum
902 3135 976 3176 raro
1006 3126 1037 3176 et
1061 3115 1185 3196 privata
1211 3120 1315 3194 cujus·

295 3248 358 3311 que
382 3226 529 3290 audentia
551 3226 635 3308 apud
656 3226 785 3290 Chattos
804 3230 839 3290 iu
860 3247 1045 3290 consensum
1067 3228 1169 3304 vertit,
1190 3240 1227 3291 ut
1248 3230 1314 3310 pri·

296 3364 383 3405 mum
412 3342 622 3420 adoleverint,
655 3345 773 3405 crinem
801 3344 996 3426 barbamque
1024 3345 1207 3406 submittere
1214 3389 1223 3420 ,
1242 3360 1313 3407 'nec

295 3457 357 3519 nisi
384 3458 475 3519 hoste
505 3478 594 3521 caeso
624 3479 740 3521 exuere
768 3460 911 3523 votivum
940 3460 1173 3542 obligatumque
1204 3458 1313 3523 virtuti

296 3572 360 3632 oris
381 3572 534 3634 habitum.
577 3593 672 3654 super
690 3571 874 3651 sanguinem
895 3585 925 3634 et
944 3573 1044 3654 spolia
1063 3575 1205 3636 revelant
1224 3573 1312 3635 fron-

295 3699 358 3749 tem
380 3706 476 3769 seque
496 3697 564 3748 tum
578 3684 704 3776 demum
724 3689 825 3770 pretia
846 3685 994 3751 nascendi
1011 3689 1164 3750 rettulisse
1186 3685 1312 3767 dignos·

297 3824 358 3885 que
385 3800 486 3885 patria
507 3823 543 3863 ac
572 3805 755 3885 parentibus
782 3805 899 3867 ferunt.
941 3804 1060 3884 ignavis
1082 3814 1112 3863 et
1133 3803 1311 3863 imbellibus

297 3931 401 3982 manet
431 3921 569 4003 squalor.
617 3920 820 3987 Fortissimus
850 3922 984 4005 quisque
1015 3920 1152 3981 ferreum
1180 3915 1312 3996 insuper
