2934 4625
281 196 321 260 ts
674 189 908 257 utrumnum

279 369 331 431 siis
360 367 549 430 vocabulum
576 376 622 425 est
652 385 691 426 ex
715 361 810 425 modo
833 364 959 428 virium.
1011 363 1172 449 Utraeque
1197 366 1298 432 natio·

279 505 334 546 nes
356 501 457 564 usque
479 478 518 543 ad
539 501 691 544 oceanum
709 482 822 546 Rheno
844 493 1073 562 praetexuntur
1093 482 1298 565 ambiuntque

278 598 447 660 immensos
476 596 606 679 insuper
629 598 716 660 lacus
735 610 770 660 et
795 598 936 661 romanis
957 581 1105 662 classibus
1126 597 1298 678 navigatos.

277 713 381 792 ipsum
403 712 481 795 quin
512 712 606 773 etiam
636 733 789 776 oceanum
817 713 872 774 itta
893 715 1092 778 tentavimus.
1135 727 1166 776 et
1187 734 1299 796 super·

277 847 343 890 esse
367 824 468 889 adhuc
489 827 635 891 Herculis
655 829 923 914 columnasvfuma
944 829 1099 910 vulgavit:
1130 829 1196 893 sive
1222 828 1299 891 adiit

275 942 445 1019 Hercules,
468 962 539 1019 seu,
562 940 718 1024 quidquid
739 941 857 1022 ubique
876 943 1073 1021 magnificum
1098 955 1158 1020 est,
1178 944 1212 1004 in
1235 945 1297 1004 cla·

273 1057 398 1120 ritatem
424 1065 489 1136 ejus
515 1059 634 1119 referre
662 1059 888 1119 consensimus.
930 1056 996 1117 Nec
1024 1056 1124 1117 defuit
1148 1058 1297 1119 audentia

273 1174 380 1237 Druso
409 1172 615 1250 Germanico,
644 1168 699 1233 sed
721 1170 842 1232 obstitit
866 1190 1001 1233 oceanus
1024 1172 1058 1231 in
1080 1191 1113 1234 se
1135 1172 1228 1232 simul
1249 1183 1296 1231 at·

273 1308 334 1370 que
356 1289 390 1348 in
411 1286 580 1347 Herculem
602 1283 731 1366 inquiri.
773 1304 849 1345 mox
869 1304 963 1347 nemo
984 1284 1123 1358 tentavit,
1144 1283 1295 1345 sanctius·

215 1384 218 1388 7
272 1424 334 1485 que
358 1424 393 1464 ac
413 1402 608 1465 reverentius
629 1399 732 1464 visum
754 1396 792 1461 de
812 1400 887 1464 actis
906 1399 1038 1463 deorum
1055 1396 1181 1463 credere
1199 1421 1294 1483 quam

270 1536 361 1579 scue.

221 1640 257 1688 35
355 1632 515 1694 Hactenus
543 1630 577 1691 in
608 1625 802 1691 occidentem
830 1627 1032 1691 Germaniam
1060 1626 1216 1690 novimus.
1257 1628 1295 1689 ln

271 1749 515 1832 septentrionem
548 1744 665 1825 ingenti
697 1744 784 1805 flexu
816 1741 907 1804 redit.
963 1743 1008 1804 Ac
1046 1743 1150 1824 primo
1191 1742 1295 1808 statim

271 1862 471 1925 Cauchorum
485 1856 515 1940 ²⁸)
535 1879 621 1938 gens,
642 1877 824 1940 quanquam
843 1855 972 1937 incipiat
993 1878 1010 1917 a
1031 1857 1140 1919 Frisiis
1163 1878 1198 1919 ac
1220 1879 1294 1938 par·

270 1988 333 2039 tem
354 1977 455 2039 litoris
478 1985 627 2052 occupet,
656 1973 799 2034 omnium
827 1992 906 2053 quas
935 1972 1069 2052 exposui
1087 1971 1226 2050 gentium
1246 1974 1293 2032 la·

269 2089 389 2152 teribus
422 2083 621 2172 obtenditur,
652 2083 753 2148 donec
783 2085 815 2147 in
848 2084 977 2149 Chattos
1008 2105 1108 2169 usque
1139 2087 1292 2150 sinuetur.

270 2202 350 2262 Tam
380 2200 565 2262 immensum
593 2212 749 2264 terrarum
777 2202 912 2282 spatium
940 2223 1007 2265 non
1034 2214 1143 2264 tenent
1170 2215 1291 2265 tantum

270 2319 389 2383 Cauchi
408 2316 461 2381 sed
485 2328 517 2379 et
533 2317 682 2398 implente
704 2319 841 2400 populus
861 2319 945 2381 inter
965 2319 1141 2383 Germanos
1161 2320 1292 2383 nobilis·

269 2436 383 2511 simus,
414 2431 532 2516 quique
561 2430 806 2510 mugnitudinem
831 2452 920 2494 suam
948 2433 1036 2496 malit
1060 2432 1179 2512 justitia
1199 2434 1291 2496 tueri.

269 2547 343 2610 Sine
366 2546 544 2629 cupiditate,
573 2544 641 2606 sine
662 2543 856 2624 impotentia,
881 2548 986 2629 quiete
1008 2546 1182 2629 secretique
1204 2548 1292 2607 nulla

267 2676 441 2744 provocant
461 2662 560 2738 bella,
582 2659 678 2723 nullis
699 2661 844 2744 raptibus
866 2674 921 2723 artt
943 2661 1114 2724 latrociniis
1135 2661 1291 2742 populan-

268 2786 331 2839 tur.
374 2774 412 2838 Id
431 2775 634 2856 praecipuum
656 2773 782 2837 virtutis
801 2798 836 2838 ac
857 2774 972 2838 virium
993 2787 1210 2857 argumentum
1234 2786 1290 2852 est,

268 2888 353 2971 quod
376 2902 412 2952 ut
439 2891 618 2971 superiores
641 2902 732 2970 agant
756 2911 821 2954 non
842 2912 900 2972 per
918 2891 1049 2969 injurias
1069 2901 1290 2973 assequuntur.

266 3018 414 3086 prompta
435 3015 541 3065 tamen
564 3005 712 3067 omnibus
734 3026 839 3076 arma,
869 3029 903 3069 ae
926 3006 953 3069 si
971 3029 1022 3069 res
1043 3018 1151 3087 poscst
1171 3005 1290 3066 exerci-

265 3120 328 3190 tus,
353 3113 527 3194 plurimum
555 3113 697 3178 virorum
727 3135 963 3200 equorumque,
998 3130 1028 3179 et
1058 3118 1290 3202 quiescentibus

267 3226 377 3291 eadem
399 3229 492 3290 sarna.

321 3519 346 3588 ⁸)
367 3518 463 3573 Cauchi
481 3522 521 3574 vet
540 3520 622 3574 Cauci
639 3521 805 3574 scribendum
825 3527 880 3585 est,
908 3536 958 3572 non
978 3519 1090 3586 Chauci,
1116 3537 1174 3574 uam
1192 3523 1285 3575 Ptole-

267 3630 342 3670 maeo
359 3618 465 3683 Καῦχοι
482 3618 617 3684 dicuntur,
640 3618 728 3672 Chatti
746 3635 808 3672 vero
828 3618 1004 3686 Cherusctque
1022 3616 1142 3683 Χάτται,
1166 3624 1283 3691 Χαιρου-

266 3720 341 3770 cenot.
383 3716 442 3769 trist.
468 3721 495 3783 4,
519 3721 555 3769 ts
581 3716 714 3770 mediceus
738 3717 795 3771 cod.
822 3723 895 3770 recte
920 3718 1031 3771 Cauchis
1057 3717 1196 3786 (Wattheri
1219 3719 1283 3771 Tac.

265 3820 292 3881 4,
316 3817 385 3885 tts)
409 3816 476 3870 conf.
502 3817 601 3872 Lucan.
617 3816 701 3886 phars.
719 3819 742 3884 I,
760 3821 815 3870 458
840 3819 983 3885 crinigeros
1006 3819 1123 3882 Cauros,
1149 3817 1283 3875 cunum.

263 3917 322 3970 sut.
341 3921 362 3985 Ι,
381 3922 434 3972 225
453 3920 564 3986 Curious,
583 3921 608 3973 iu
627 3920 738 3990 Eutrop.
758 3921 779 3986 t,
798 3925 852 3974 319
870 3920 972 3973 Caucis.
