2934 4625
318 239 363 306 76
665 233 728 301 ux
750 228 984 300 HISTORIIS

316 411 477 474 tudinibus
491 412 601 473 fessos.
628 407 690 472 Sed
704 407 812 473 addito
823 409 924 491 spatio
938 404 1113 471 rediturum
1127 418 1157 468 et
1169 403 1219 471 bis
1233 408 1335 470 robur

316 526 515 588 meditatione
532 527 618 587 belli.
659 546 716 586 nec
731 527 843 607 procul
857 523 1073 601 Germaniam,
1094 519 1180 583 unde
1198 520 1292 610 uires.

230 650 283 712 aa
401 643 444 727 (a.
466 638 522 726 69)
543 664 579 704 ac
600 663 640 703 ne
661 643 797 705 inermes
825 638 1007 723 provinciae
1033 637 1176 702 barbaris
1197 637 1333 701 nationi·

313 761 374 821 bus
396 768 645 839 exponerentur,
673 757 831 839 principes
850 754 1065 823 Sarmatarum
1084 753 1254 832 Jazugnm,
1275 771 1332 832 pe-

314 892 369 932 nes
389 890 469 954 quos
490 870 623 934 civitatis
641 872 791 950 regimen,
811 870 847 931 in
867 867 1082 930 commilitium
1102 863 1222 927 adsciti.
1262 864 1331 944 ple·

313 985 385 1045 bem
401 1004 529 1067 quoquc
545 997 577 1047 et
590 984 654 1048 vim
670 984 821 1067 equitum,
839 1004 903 1066 qua
918 985 985 1047 sola
1000 982 1117 1058 valent,
1137 981 1333 1043 offerebant:

312 1100 476 1161 remissum
490 1096 524 1159 id
536 1118 669 1174 munus,
690 1118 732 1159 ne
748 1098 830 1160 inter
847 1095 1018 1159 discordias
1036 1106 1165 1157 externa
1181 1091 1330 1153 moliren-

312 1223 366 1271 tur
386 1223 440 1272 aut
460 1218 577 1289 majora
598 1232 639 1272 ex
660 1209 785 1273 diverso
807 1206 949 1270 mercede
970 1210 1147 1291 justasque
1166 1216 1330 1267 exuerent.

311 1323 495 1386 Trahuntur
516 1324 550 1385 in
569 1337 675 1405 partes
693 1322 771 1386 Sido
787 1338 880 1407 atque
896 1323 1021 1386 Italicus
1038 1340 1126 1404 reges
1141 1322 1328 1401 Sacrorum,

310 1440 382 1520 quis
403 1451 491 1503 vetus
511 1440 698 1523 obsequium
719 1460 793 1521 erga
808 1440 979 1517 Romanos,
1003 1453 1034 1502 et
1053 1460 1128 1520 gens
1147 1437 1222 1502 fidei
1241 1458 1328 1501 com-

307 1555 419 1617 missae
430 1555 609 1635 patientior.
636 1556 743 1628 Posita
753 1556 788 1617 in
800 1557 881 1618 latus
892 1555 1010 1618 auxilia
1021 1557 1134 1619 infesta
1144 1555 1260 1632 Raetia,
1275 1554 1328 1615 cui

306 1669 437 1731 Porcius
453 1668 646 1750 Septiminus
663 1682 851 1751 procurator
864 1682 939 1748 erat,
960 1669 1161 1751 incorruptae
1179 1687 1251 1746 erga
1266 1666 1326 1729 Vi·

304 1780 426 1843 tellium
438 1780 521 1843 fidei.
551 1781 651 1860 Igitur
659 1780 809 1844 Sextilius
820 1781 911 1845 Felix
924 1802 995 1845 cum
1007 1783 1056 1843 ala
1068 1782 1197 1843 auriana
1208 1792 1239 1841 et
1253 1790 1324 1842 octo

304 1895 487 1957 cohortibus
504 1915 539 1955 ac
553 1893 743 1956 Noricorum
759 1898 922 1971 iuventute
940 1891 981 1955 ad
994 1892 1208 1975 occupandam
1222 1891 1325 1974 ripam

303 2009 385 2070 Aeni
400 2006 549 2085 fluminis,
568 2005 655 2090 quod
671 2007 785 2069 Raetos
802 2006 1000 2092 Noricosque
1017 2006 1178 2083 interfluit,
1198 2007 1322 2066 missus.

218 2134 245 2195 s,
258 2135 290 2185 ts
387 2117 430 2203 (a.
453 2116 509 2204 69)
535 2119 630 2182 simul
653 2119 764 2201 ingens
792 2119 1023 2184 Germanorum
1043 2122 1091 2184 vis
1118 2141 1177 2203 per
1198 2121 1324 2186 Raetias

303 2236 482 2296 timebatur.

138 2416 142 2421 ,
217 2365 244 2426 3,
252 2364 287 2413 21
387 2349 464 2414 Sido
488 2362 582 2433 atque
603 2350 728 2414 Italicus
748 2348 848 2414 Suari
875 2373 946 2415 cum
973 2351 1099 2415 delectis
1118 2353 1323 2435 popularium

301 2468 434 2548 primori
453 2467 486 2528 in
508 2468 572 2530 acie
593 2470 810 2531 versabantur.

215 2598 286 2660 ³23⁵
387 2575 431 2663 (a.
453 2576 508 2662 69)
532 2580 568 2641 in
593 2579 727 2641 Galliam
756 2579 874 2640 Julium
902 2576 1054 2640 Calenum
1074 2580 1254 2660 tribunum,
1284 2581 1319 2643 in

301 2695 502 2759 Germaniam
531 2694 694 2776 Alpinium
723 2694 913 2757 Montanum
946 2695 1139 2774 praefectum
1172 2696 1320 2774 cohortis,

300 2808 387 2891 quod
414 2809 466 2870 bic
493 2809 607 2871 Treuir
614 2854 624 2888 ,
656 2808 792 2872 Calenus
814 2807 963 2886 Aeduus,
995 2823 1128 2893 uterque
1156 2811 1319 2875 Vitelliani

298 2925 441 3004 fuerant,
470 2924 606 2987 ostentui
626 2924 748 2986 misere.
790 2923 886 2986 simul
906 2922 1053 2984 transitus
1076 2923 1205 3005 Alpium
1225 2944 1320 3005 praa·

297 3037 384 3099 sidiia
408 3039 570 3119 occupati,
597 3051 739 3119 suspecta
767 3038 952 3113 Germania',
983 3050 1133 3118 tanquam
1161 3038 1197 3097 in
1226 3037 1321 3101 auxi·

296 3149 375 3211 lium
395 3149 516 3211 Vitellii
537 3150 759 3228 accingeretur.

212 3282 239 3344 a,
247 3281 280 3332 41
380 3255 423 3343 (a.
446 3259 501 3340 69)
524 3261 579 3323 ubi
600 3260 723 3339 cognito
740 3280 863 3341 pugnae
883 3259 1095 3322 cremonensis
1116 3271 1232 3324 eventu
1248 3281 1316 3323 non

295 3372 443 3451 ignavum
472 3385 504 3434 et
532 3374 559 3436 si
585 3373 896 3455 provenissetatrox
924 3373 1088 3435 eonsilium
1113 3373 1184 3436 iniit
1199 3368 1245 3456 *),
1278 3385 1315 3436 ut

296 3489 429 3569 arreptis
459 3489 591 3552 navibus
623 3490 658 3550 in
696 3509 917 3571 quamcunque
953 3501 1074 3570 partem
1105 3491 1313 3553 narbonensis

295 3603 475 3681 provinciae
496 3622 636 3682 egressus
660 3601 796 3678 Gallias,
823 3615 854 3664 et
874 3602 1049 3682 exercitus,
1075 3615 1106 3666 et
1127 3602 1313 3666 Germaniae

293 3727 400 3796 gentas
421 3737 603 3799 novumque
625 3718 744 3779 bellum
765 3716 871 3779 cieret.

346 3943 377 4009 ⁸)
392 3943 495 3997 Valens.
