<?xml version="1.0" encoding="UTF-8"?>
<!DOCTYPE html PUBLIC "-//W3C//DTD XHTML 1.0 Transitional//EN"
    "http://www.w3.org/TR/xhtml1/DTD/xhtml1-transitional.dtd">
<html xmlns="http://www.w3.org/1999/xhtml" xml:lang="en" lang="en">
 <head>
  <title>
</title>
<meta http-equiv="Content-Type" content="text/html;charset=utf-8" />
  <meta name='ocr-system' content='tesseract 3.04.00' />
  <meta name='ocr-capabilities' content='ocr_page ocr_carea ocr_par ocr_line ocrx_word'/>
</head>
<body>
  <div class='ocr_page' id='page_1' title='image "./tacitigermania02grimgoog_0130.png"; bbox 0 0 2934 4625; ppageno 0'>
   <div class='ocr_carea' id='block_1_1' title="bbox 296 221 958 317">
    <p class='ocr_par' dir='ltr' id='par_1_1' title="bbox 296 221 958 317">
     <span class='ocr_line' id='line_1_1' title="bbox 296 221 958 317; baseline 0.012 -8"><span class='ocrx_word' id='word_1_1' title='bbox 296 248 356 310; x_wconf 80' lang='lat' dir='ltr'><strong>uo</strong></span> <span class='ocrx_word' id='word_1_2' title='bbox 467 221 470 226; x_wconf 79' lang='grc'><strong>’</strong></span> <span class='ocrx_word' id='word_1_3' title='bbox 638 243 698 313; x_wconf 80' lang='lat' dir='ltr'><strong>nx</strong></span> <span class='ocrx_word' id='word_1_4' title='bbox 725 245 958 317; x_wconf 78' lang='lat' dir='ltr'><strong>uterorum</strong></span> 
     </span>
    </p>
   </div>
   <div class='ocr_carea' id='block_1_2' title="bbox 212 417 1411 4031">
    <p class='ocr_par' dir='ltr' id='par_1_2' title="bbox 295 417 1314 503">
     <span class='ocr_line' id='line_1_2' title="bbox 295 417 1314 503; baseline 0.009 -25"><span class='ocrx_word' id='word_1_5' title='bbox 295 438 408 482; x_wconf 86' lang='lat' dir='ltr'><strong>mores.</strong></span> <span class='ocrx_word' id='word_1_6' title='bbox 457 417 544 480; x_wconf 89' lang='lat' dir='ltr'><strong>illum</strong></span> <span class='ocrx_word' id='word_1_7' title='bbox 577 418 659 482; x_wconf 89' lang='lat' dir='ltr'><strong>diem</strong></span> <span class='ocrx_word' id='word_1_8' title='bbox 692 434 747 484; x_wconf 88' lang='lat' dir='ltr'><strong>aut</strong></span> <span class='ocrx_word' id='word_1_9' title='bbox 779 420 1034 500; x_wconf 85' lang='lat' dir='ltr'><strong>gloriosissimum</strong></span> <span class='ocrx_word' id='word_1_10' title='bbox 1060 424 1150 486; x_wconf 86' lang='lat' dir='ltr'><strong>inter</strong></span> <span class='ocrx_word' id='word_1_11' title='bbox 1179 426 1314 503; x_wconf 79' lang='lat' dir='ltr'><strong>majores</strong></span> 
     </span>
    </p>

    <p class='ocr_par' dir='ltr' id='par_1_3' title="bbox 265 531 1316 1062">
     <span class='ocr_line' id='line_1_3' title="bbox 265 531 1314 616; baseline 0.008 -23"><span class='ocrx_word' id='word_1_12' title='bbox 265 553 269 561; x_wconf 57' lang='lat'>*</span> <span class='ocrx_word' id='word_1_13' title='bbox 294 546 349 595; x_wconf 88' lang='lat' dir='ltr'><strong>aut</strong></span> <span class='ocrx_word' id='word_1_14' title='bbox 367 531 609 612; x_wconf 84' lang='lat' dir='ltr'><strong>ignominiosum</strong></span> <span class='ocrx_word' id='word_1_15' title='bbox 632 532 715 616; x_wconf 90' lang='lat' dir='ltr'><strong>apud</strong></span> <span class='ocrx_word' id='word_1_16' title='bbox 736 545 881 616; x_wconf 88' lang='lat' dir='ltr'><strong>posteros</strong></span> <span class='ocrx_word' id='word_1_17' title='bbox 900 536 979 599; x_wconf 83' lang='lat' dir='ltr'><strong>fore.</strong></span> <span class='ocrx_word' id='word_1_18' title='bbox 1021 536 1086 600; x_wconf 87' lang='lat' dir='ltr'><strong>Ubi</strong></span> <span class='ocrx_word' id='word_1_19' title='bbox 1107 556 1187 600; x_wconf 92' lang='lat' dir='ltr'><strong>sono</strong></span> <span class='ocrx_word' id='word_1_20' title='bbox 1209 558 1314 601; x_wconf 81' lang='lat' dir='ltr'><strong>ermo-</strong></span> 
     </span>
     <span class='ocr_line' id='line_1_4' title="bbox 294 646 1315 736; baseline 0.008 -26"><span class='ocrx_word' id='word_1_21' title='bbox 294 669 366 712; x_wconf 99' lang='lat' dir='ltr'><strong>rum</strong></span> <span class='ocrx_word' id='word_1_22' title='bbox 395 647 603 734; x_wconf 72' lang='lat' dir='ltr'><strong>tripudiisque</strong></span> <span class='ocrx_word' id='word_1_23' title='bbox 633 647 690 735; x_wconf 85' lang='lat' dir='ltr'><strong>(ita</strong></span> <span class='ocrx_word' id='word_1_24' title='bbox 716 651 779 716; x_wconf 91' lang='lat' dir='ltr'><strong>illis</strong></span> <span class='ocrx_word' id='word_1_25' title='bbox 795 646 889 735; x_wconf 84' lang='lat' dir='ltr'><strong>mos)</strong></span> <span class='ocrx_word' id='word_1_26' title='bbox 920 654 1093 736; x_wconf 79' lang='lat' dir='ltr'><strong>approbata</strong></span> <span class='ocrx_word' id='word_1_27' title='bbox 1120 666 1194 718; x_wconf 90' lang='lat' dir='ltr'><strong>sunt</strong></span> <span class='ocrx_word' id='word_1_28' title='bbox 1223 653 1315 734; x_wconf 89' lang='lat' dir='ltr'><strong>dicta,</strong></span> 
     </span>
     <span class='ocr_line' id='line_1_5' title="bbox 294 763 1315 852; baseline 0.002 -22"><span class='ocrx_word' id='word_1_29' title='bbox 294 764 378 850; x_wconf 83' lang='lat' dir='ltr'><strong>saxis</strong></span> <span class='ocrx_word' id='word_1_30' title='bbox 400 763 628 850; x_wconf 71' lang='lat' dir='ltr'><strong>glandibusque</strong></span> <span class='ocrx_word' id='word_1_31' title='bbox 649 778 681 830; x_wconf 90' lang='lat' dir='ltr'><strong>et</strong></span> <span class='ocrx_word' id='word_1_32' title='bbox 707 768 818 831; x_wconf 85' lang='lat' dir='ltr'><strong>ceteris</strong></span> <span class='ocrx_word' id='word_1_33' title='bbox 837 767 1006 833; x_wconf 71' lang='lat' dir='ltr'><strong>missilibus</strong></span> <span class='ocrx_word' id='word_1_34' title='bbox 1027 769 1183 850; x_wconf 91' lang='lat' dir='ltr'><strong>proelium</strong></span> <span class='ocrx_word' id='word_1_35' title='bbox 1203 768 1315 852; x_wconf 87' lang='lat' dir='ltr'><strong>incipi·</strong></span> 
     </span>
     <span class='ocr_line' id='line_1_6' title="bbox 294 879 1316 966; baseline 0.002 -25"><span class='ocrx_word' id='word_1_36' title='bbox 294 893 364 957; x_wconf 91' lang='lat' dir='ltr'><strong>tur,</strong></span> <span class='ocrx_word' id='word_1_37' title='bbox 396 899 500 963; x_wconf 91' lang='lat' dir='ltr'><strong>neque</strong></span> <span class='ocrx_word' id='word_1_38' title='bbox 520 893 629 943; x_wconf 90' lang='lat' dir='ltr'><strong>nostro</strong></span> <span class='ocrx_word' id='word_1_39' title='bbox 654 880 753 943; x_wconf 89' lang='lat' dir='ltr'><strong>milite</strong></span> <span class='ocrx_word' id='word_1_40' title='bbox 772 879 919 965; x_wconf 72' lang='lat' dir='ltr'><strong>paludem</strong></span> <span class='ocrx_word' id='word_1_41' title='bbox 939 880 1149 966; x_wconf 69' lang='lat' dir='ltr'><strong>ingrediente,</strong></span> <span class='ocrx_word' id='word_1_42' title='bbox 1182 894 1213 946; x_wconf 90' lang='lat' dir='ltr'><strong>et</strong></span> <span class='ocrx_word' id='word_1_43' title='bbox 1233 881 1316 958; x_wconf 44' lang='lat' dir='ltr'><strong>Ger-⁸</strong></span> 
     </span>
     <span class='ocr_line' id='line_1_7' title="bbox 293 992 873 1062; baseline 0.007 -5"><span class='ocrx_word' id='word_1_44' title='bbox 293 992 393 1057; x_wconf 85' lang='lat' dir='ltr'><strong>manis</strong></span> <span class='ocrx_word' id='word_1_45' title='bbox 416 1006 454 1058; x_wconf 89' lang='lat' dir='ltr'><strong>ut</strong></span> <span class='ocrx_word' id='word_1_46' title='bbox 472 994 619 1058; x_wconf 79' lang='lat' dir='ltr'><strong>elicerent</strong></span> <span class='ocrx_word' id='word_1_47' title='bbox 639 996 873 1062; x_wconf 73' lang='lat' dir='ltr'><strong>lacessentibus.</strong></span> 
     </span>
    </p>

    <p class='ocr_par' dir='ltr' id='par_1_4' title="bbox 212 1109 1319 2904">
     <span class='ocr_line' id='line_1_8' title="bbox 212 1109 1315 1195; baseline -0.006 -19"><span class='ocrx_word' id='word_1_48' title='bbox 212 1126 284 1187; x_wconf 62' lang='lat' dir='ltr'><strong>mse</strong></span> <span class='ocrx_word' id='word_1_49' title='bbox 377 1109 561 1191; x_wconf 83' lang='lat' dir='ltr'><strong>Absumptis</strong></span> <span class='ocrx_word' id='word_1_50' title='bbox 581 1132 662 1195; x_wconf 88' lang='lat' dir='ltr'><strong>quae</strong></span> <span class='ocrx_word' id='word_1_51' title='bbox 677 1114 841 1191; x_wconf 84' lang='lat' dir='ltr'><strong>&#39;jaciuntur</strong></span> <span class='ocrx_word' id='word_1_52' title='bbox 861 1125 893 1176; x_wconf 88' lang='lat' dir='ltr'><strong>et</strong></span> <span class='ocrx_word' id='word_1_53' title='bbox 912 1109 1092 1175; x_wconf 77' lang='lat' dir='ltr'><strong>ardescente</strong></span> <span class='ocrx_word' id='word_1_54' title='bbox 1112 1129 1219 1192; x_wconf 87' lang='lat' dir='ltr'><strong>pugna</strong></span> <span class='ocrx_word' id='word_1_55' title='bbox 1237 1127 1315 1190; x_wconf 88' lang='lat' dir='ltr'><strong>pro·</strong></span> 
     </span>
     <span class='ocr_line' id='line_1_9' title="bbox 296 1224 1316 1305; baseline -0.006 -18"><span class='ocrx_word' id='word_1_56' title='bbox 296 1242 423 1287; x_wconf 89' lang='lat' dir='ltr'><strong>cursum</strong></span> <span class='ocrx_word' id='word_1_57' title='bbox 439 1225 479 1285; x_wconf 88' lang='lat' dir='ltr'><strong>ab</strong></span> <span class='ocrx_word' id='word_1_58' title='bbox 494 1224 584 1287; x_wconf 87' lang='lat' dir='ltr'><strong>hoste</strong></span> <span class='ocrx_word' id='word_1_59' title='bbox 601 1224 756 1290; x_wconf 89' lang='lat' dir='ltr'><strong>infestius.</strong></span> <span class='ocrx_word' id='word_1_60' title='bbox 796 1226 958 1294; x_wconf 84' lang='lat' dir='ltr'><strong>immensis</strong></span> <span class='ocrx_word' id='word_1_61' title='bbox 975 1224 1163 1305; x_wconf 85' lang='lat' dir='ltr'><strong>corporibus</strong></span> <span class='ocrx_word' id='word_1_62' title='bbox 1177 1232 1209 1284; x_wconf 91' lang='lat' dir='ltr'><strong>et</strong></span> <span class='ocrx_word' id='word_1_63' title='bbox 1222 1240 1316 1303; x_wconf 88' lang='lat' dir='ltr'><strong>prae·</strong></span> 
     </span>
     <span class='ocr_line' id='line_1_10' title="bbox 294 1334 1316 1423; baseline -0.002 -25"><span class='ocrx_word' id='word_1_64' title='bbox 294 1336 397 1418; x_wconf 66' lang='lat' dir='ltr'><strong>longis</strong></span> <span class='ocrx_word' id='word_1_65' title='bbox 415 1338 513 1402; x_wconf 79' lang='lat' dir='ltr'><strong>hmtis</strong></span> <span class='ocrx_word' id='word_1_66' title='bbox 533 1336 708 1402; x_wconf 87' lang='lat' dir='ltr'><strong>fluitantem</strong></span> <span class='ocrx_word' id='word_1_67' title='bbox 727 1340 948 1423; x_wconf 83' lang='lat' dir='ltr'><strong>labantemque</strong></span> <span class='ocrx_word' id='word_1_68' title='bbox 969 1339 1098 1408; x_wconf 87' lang='lat' dir='ltr'><strong>militem</strong></span> <span class='ocrx_word' id='word_1_69' title='bbox 1123 1334 1245 1398; x_wconf 87' lang='lat' dir='ltr'><strong>eminus</strong></span> <span class='ocrx_word' id='word_1_70' title='bbox 1264 1335 1316 1395; x_wconf 82' lang='lat' dir='ltr'><strong>fo·</strong></span> 
     </span>
     <span class='ocr_line' id='line_1_11' title="bbox 296 1447 1317 1536; baseline -0.002 -25"><span class='ocrx_word' id='word_1_71' title='bbox 296 1447 440 1514; x_wconf 76' lang='lat' dir='ltr'><strong>diebant:</strong></span> <span class='ocrx_word' id='word_1_72' title='bbox 470 1450 564 1513; x_wconf 89' lang='lat' dir='ltr'><strong>simul</strong></span> <span class='ocrx_word' id='word_1_73' title='bbox 592 1452 716 1514; x_wconf 88' lang='lat' dir='ltr'><strong>emole</strong></span> <span class='ocrx_word' id='word_1_74' title='bbox 746 1473 841 1536; x_wconf 90' lang='lat' dir='ltr'><strong>quam</strong></span> <span class='ocrx_word' id='word_1_75' title='bbox 863 1449 1007 1514; x_wconf 84' lang='lat' dir='ltr'><strong>eductam</strong></span> <span class='ocrx_word' id='word_1_76' title='bbox 1025 1448 1060 1512; x_wconf 91' lang='lat' dir='ltr'><strong>io</strong></span> <span class='ocrx_word' id='word_1_77' title='bbox 1084 1450 1234 1511; x_wconf 90' lang='lat' dir='ltr'><strong>Rhenum</strong></span> <span class='ocrx_word' id='word_1_78' title='bbox 1252 1459 1317 1510; x_wconf 90' lang='lat' dir='ltr'><strong>ret·</strong></span> 
     </span>
     <span class='ocr_line' id='line_1_12' title="bbox 297 1565 1316 1632; baseline -0.002 -5"><span class='ocrx_word' id='word_1_79' title='bbox 297 1565 424 1629; x_wconf 87' lang='lat' dir='ltr'><strong>tulimus</strong></span> <span class='ocrx_word' id='word_1_80' title='bbox 441 1566 668 1630; x_wconf 81' lang='lat' dir='ltr'><strong>Bructerorum</strong></span> <span class='ocrx_word' id='word_1_81' title='bbox 689 1586 810 1630; x_wconf 88' lang='lat' dir='ltr'><strong>cuncus</strong></span> <span class='ocrx_word' id='word_1_82' title='bbox 827 1569 1003 1632; x_wconf 73' lang='lat' dir='ltr'><strong>transterit.</strong></span> <span class='ocrx_word' id='word_1_83' title='bbox 1043 1566 1184 1628; x_wconf 73' lang='lat' dir='ltr'><strong>Turbata</strong></span> <span class='ocrx_word' id='word_1_84' title='bbox 1199 1565 1246 1626; x_wconf 90' lang='lat' dir='ltr'><strong>ibi</strong></span> <span class='ocrx_word' id='word_1_85' title='bbox 1263 1584 1316 1626; x_wconf 86' lang='lat' dir='ltr'><strong>res</strong></span> 
     </span>
     <span class='ocr_line' id='line_1_13' title="bbox 297 1679 1317 1764; baseline 0.001 -25"><span class='ocrx_word' id='word_1_86' title='bbox 297 1690 327 1739; x_wconf 88' lang='lat' dir='ltr'><strong>et</strong></span> <span class='ocrx_word' id='word_1_87' title='bbox 347 1680 524 1760; x_wconf 87' lang='lat' dir='ltr'><strong>pellebatur</strong></span> <span class='ocrx_word' id='word_1_88' title='bbox 548 1682 704 1746; x_wconf 79' lang='lat' dir='ltr'><strong>meierum</strong></span> <span class='ocrx_word' id='word_1_89' title='bbox 731 1682 908 1747; x_wconf 77' lang='lat' dir='ltr'><strong>cohortium</strong></span> <span class='ocrx_word' id='word_1_90' title='bbox 931 1682 1028 1759; x_wconf 88' lang='lat' dir='ltr'><strong>scies,</strong></span> <span class='ocrx_word' id='word_1_91' title='bbox 1059 1701 1158 1764; x_wconf 91' lang='lat' dir='ltr'><strong>quum</strong></span> <span class='ocrx_word' id='word_1_92' title='bbox 1178 1679 1317 1760; x_wconf 79' lang='lat' dir='ltr'><strong>legiones</strong></span> 
     </span>
     <span class='ocr_line' id='line_1_14' title="bbox 295 1772 1318 1881; baseline -0.001 -25"><span class='ocrx_word' id='word_1_93' title='bbox 295 1814 435 1875; x_wconf 86' lang='lat' dir='ltr'><strong>pugnam</strong></span> <span class='ocrx_word' id='word_1_94' title='bbox 462 1772 624 1877; x_wconf 85' lang='lat' dir='ltr'><strong>excipiunt</strong></span> <span class='ocrx_word' id='word_1_95' title='bbox 651 1813 881 1881; x_wconf 86' lang='lat' dir='ltr'><strong>suppressaque</strong></span> <span class='ocrx_word' id='word_1_96' title='bbox 910 1798 1047 1864; x_wconf 88' lang='lat' dir='ltr'><strong>hostium</strong></span> <span class='ocrx_word' id='word_1_97' title='bbox 1073 1794 1193 1859; x_wconf 73' lang='lat' dir='ltr'><strong>ferocia</strong></span> <span class='ocrx_word' id='word_1_98' title='bbox 1222 1814 1318 1875; x_wconf 88' lang='lat' dir='ltr'><strong>proe-</strong></span> 
     </span>
     <span class='ocr_line' id='line_1_15' title="bbox 295 1906 1318 1992; baseline 0.002 -24"><span class='ocrx_word' id='word_1_99' title='bbox 295 1906 374 1969; x_wconf 88' lang='lat' dir='ltr'><strong>lium</strong></span> <span class='ocrx_word' id='word_1_100' title='bbox 396 1921 558 1992; x_wconf 89' lang='lat' dir='ltr'><strong>aequatur.</strong></span> <span class='ocrx_word' id='word_1_101' title='bbox 598 1908 687 1971; x_wconf 83' lang='lat' dir='ltr'><strong>Inter</strong></span> <span class='ocrx_word' id='word_1_102' title='bbox 709 1930 790 1992; x_wconf 85' lang='lat' dir='ltr'><strong>quae</strong></span> <span class='ocrx_word' id='word_1_103' title='bbox 811 1909 943 1992; x_wconf 83' lang='lat' dir='ltr'><strong>perfuga</strong></span> <span class='ocrx_word' id='word_1_104' title='bbox 963 1911 1095 1972; x_wconf 79' lang='lat' dir='ltr'><strong>batavus</strong></span> <span class='ocrx_word' id='word_1_105' title='bbox 1116 1906 1195 1974; x_wconf 85' lang='lat' dir='ltr'><strong>adiit</strong></span> <span class='ocrx_word' id='word_1_106' title='bbox 1210 1907 1318 1970; x_wconf 87' lang='lat' dir='ltr'><strong>Ceria-</strong></span> 
     </span>
     <span class='ocr_line' id='line_1_16' title="bbox 296 2021 1317 2106; baseline 0.003 -24"><span class='ocrx_word' id='word_1_107' title='bbox 296 2024 359 2083; x_wconf 91' lang='lat' dir='ltr'><strong>lem</strong></span> <span class='ocrx_word' id='word_1_108' title='bbox 380 2034 466 2104; x_wconf 87' lang='lat' dir='ltr'><strong>terge</strong></span> <span class='ocrx_word' id='word_1_109' title='bbox 486 2023 624 2090; x_wconf 85' lang='lat' dir='ltr'><strong>hostium</strong></span> <span class='ocrx_word' id='word_1_110' title='bbox 644 2027 841 2105; x_wconf 87' lang='lat' dir='ltr'><strong>promittens,</strong></span> <span class='ocrx_word' id='word_1_111' title='bbox 865 2024 893 2090; x_wconf 87' lang='lat' dir='ltr'><strong>si</strong></span> <span class='ocrx_word' id='word_1_112' title='bbox 914 2036 1055 2090; x_wconf 73' lang='lat' dir='ltr'><strong>extremo</strong></span> <span class='ocrx_word' id='word_1_113' title='bbox 1076 2021 1201 2105; x_wconf 79' lang='lat' dir='ltr'><strong>paludis</strong></span> <span class='ocrx_word' id='word_1_114' title='bbox 1223 2039 1317 2106; x_wconf 86' lang='lat' dir='ltr'><strong>eques</strong></span> 
     </span>
     <span class='ocr_line' id='line_1_17' title="bbox 298 2113 1317 2220; baseline 0.002 -25"><span class='ocrx_word' id='word_1_115' title='bbox 298 2135 489 2199; x_wconf 85' lang='lat' dir='ltr'><strong>mitteretur:</strong></span> <span class='ocrx_word' id='word_1_116' title='bbox 524 2134 742 2201; x_wconf 76' lang='lat' dir='ltr'><strong>solidamina</strong></span> <span class='ocrx_word' id='word_1_117' title='bbox 775 2150 807 2199; x_wconf 90' lang='lat' dir='ltr'><strong>et</strong></span> <span class='ocrx_word' id='word_1_118' title='bbox 837 2137 1003 2218; x_wconf 87' lang='lat' dir='ltr'><strong>Gugernos</strong></span> <span class='ocrx_word' id='word_1_119' title='bbox 1032 2113 1148 2220; x_wconf 86' lang='lat' dir='ltr'><strong>quibus</strong></span> <span class='ocrx_word' id='word_1_120' title='bbox 1176 2134 1317 2199; x_wconf 87' lang='lat' dir='ltr'><strong>custodia</strong></span> 
     </span>
     <span class='ocr_line' id='line_1_18' title="bbox 299 2243 1318 2335; baseline 0.002 -24"><span class='ocrx_word' id='word_1_121' title='bbox 299 2249 475 2314; x_wconf 86' lang='lat' dir='ltr'><strong>obvenisset</strong></span> <span class='ocrx_word' id='word_1_122' title='bbox 495 2269 607 2332; x_wconf 87' lang='lat' dir='ltr'><strong>parum</strong></span> <span class='ocrx_word' id='word_1_123' title='bbox 629 2243 778 2314; x_wconf 78' lang='lat' dir='ltr'><strong>intentos.</strong></span> <span class='ocrx_word' id='word_1_124' title='bbox 816 2248 900 2315; x_wconf 83' lang='lat' dir='ltr'><strong>duee</strong></span> <span class='ocrx_word' id='word_1_125' title='bbox 921 2251 989 2317; x_wconf 85' lang='lat' dir='ltr'><strong>alas</strong></span> <span class='ocrx_word' id='word_1_126' title='bbox 1007 2271 1078 2315; x_wconf 91' lang='lat' dir='ltr'><strong>cum</strong></span> <span class='ocrx_word' id='word_1_127' title='bbox 1095 2251 1226 2335; x_wconf 86' lang='lat' dir='ltr'><strong>perfuga</strong></span> <span class='ocrx_word' id='word_1_128' title='bbox 1243 2248 1318 2313; x_wconf 85' lang='lat' dir='ltr'><strong>mis·</strong></span> 
     </span>
     <span class='ocr_line' id='line_1_19' title="bbox 298 2362 1317 2449; baseline 0 -23"><span class='ocrx_word' id='word_1_129' title='bbox 298 2383 350 2426; x_wconf 86' lang='lat' dir='ltr'><strong>sae</strong></span> <span class='ocrx_word' id='word_1_130' title='bbox 372 2363 500 2427; x_wconf 88' lang='lat' dir='ltr'><strong>incauto</strong></span> <span class='ocrx_word' id='word_1_131' title='bbox 527 2362 611 2427; x_wconf 91' lang='lat' dir='ltr'><strong>hosti</strong></span> <span class='ocrx_word' id='word_1_132' title='bbox 638 2362 943 2429; x_wconf 70' lang='lat' dir='ltr'><strong>circumfunduntur.</strong></span> <span class='ocrx_word' id='word_1_133' title='bbox 985 2363 1072 2449; x_wconf 92' lang='lat' dir='ltr'><strong>quod</strong></span> <span class='ocrx_word' id='word_1_134' title='bbox 1097 2364 1154 2427; x_wconf 84' lang='lat' dir='ltr'><strong>ubi</strong></span> <span class='ocrx_word' id='word_1_135' title='bbox 1181 2365 1317 2427; x_wconf 87' lang='lat' dir='ltr'><strong>clamore</strong></span> 
     </span>
     <span class='ocr_line' id='line_1_20' title="bbox 298 2475 1319 2562; baseline 0.001 -23"><span class='ocrx_word' id='word_1_136' title='bbox 298 2475 456 2556; x_wconf 88' lang='lat' dir='ltr'><strong>cognitum</strong></span> <span class='ocrx_word' id='word_1_137' title='bbox 477 2477 615 2558; x_wconf 80' lang='lat' dir='ltr'><strong>legiones</strong></span> <span class='ocrx_word' id='word_1_138' title='bbox 635 2500 655 2542; x_wconf 93' lang='lat' dir='ltr'><strong>a</strong></span> <span class='ocrx_word' id='word_1_139' title='bbox 675 2479 781 2540; x_wconf 84' lang='lat' dir='ltr'><strong>fronte</strong></span> <span class='ocrx_word' id='word_1_140' title='bbox 799 2477 973 2541; x_wconf 86' lang='lat' dir='ltr'><strong>incubuere</strong></span> <span class='ocrx_word' id='word_1_141' title='bbox 1000 2479 1146 2562; x_wconf 87' lang='lat' dir='ltr'><strong>pulsique</strong></span> <span class='ocrx_word' id='word_1_142' title='bbox 1168 2478 1319 2541; x_wconf 85' lang='lat' dir='ltr'><strong>Germani</strong></span> 
     </span>
     <span class='ocr_line' id='line_1_21' title="bbox 298 2589 1318 2673; baseline 0.002 -19"><span class='ocrx_word' id='word_1_143' title='bbox 298 2593 445 2656; x_wconf 87' lang='lat' dir='ltr'><strong>Rhenum</strong></span> <span class='ocrx_word' id='word_1_144' title='bbox 478 2592 552 2672; x_wconf 84' lang='lat' dir='ltr'><strong>fuga</strong></span> <span class='ocrx_word' id='word_1_145' title='bbox 579 2594 737 2673; x_wconf 79' lang='lat' dir='ltr'><strong>petebant.</strong></span> <span class='ocrx_word' id='word_1_146' title='bbox 784 2591 985 2653; x_wconf 87' lang='lat' dir='ltr'><strong>Debellatum</strong></span> <span class='ocrx_word' id='word_1_147' title='bbox 1016 2612 1054 2669; x_wconf 80' lang='lat' dir='ltr'><strong>eo</strong></span> <span class='ocrx_word' id='word_1_148' title='bbox 1080 2589 1131 2655; x_wconf 90' lang='lat' dir='ltr'><strong>die</strong></span> <span class='ocrx_word' id='word_1_149' title='bbox 1160 2593 1260 2671; x_wconf 86' lang='lat' dir='ltr'><strong>foret,</strong></span> <span class='ocrx_word' id='word_1_150' title='bbox 1289 2592 1318 2656; x_wconf 88' lang='lat' dir='ltr'><strong>si</strong></span> 
     </span>
     <span class='ocr_line' id='line_1_22' title="bbox 296 2705 1318 2791; baseline 0.002 -23"><span class='ocrx_word' id='word_1_151' title='bbox 296 2728 428 2771; x_wconf 87' lang='lat' dir='ltr'><strong>romana</strong></span> <span class='ocrx_word' id='word_1_152' title='bbox 450 2706 555 2769; x_wconf 82' lang='lat' dir='ltr'><strong>classis</strong></span> <span class='ocrx_word' id='word_1_153' title='bbox 577 2706 667 2791; x_wconf 86' lang='lat' dir='ltr'><strong>sequi</strong></span> <span class='ocrx_word' id='word_1_154' title='bbox 689 2718 885 2770; x_wconf 78' lang='lat' dir='ltr'><strong>maturasset.</strong></span> <span class='ocrx_word' id='word_1_155' title='bbox 934 2727 986 2769; x_wconf 52' lang='lat' dir='ltr'><strong>ns*</strong></span> <span class='ocrx_word' id='word_1_156' title='bbox 999 2728 1095 2790; x_wconf 88' lang='lat' dir='ltr'><strong>eques</strong></span> <span class='ocrx_word' id='word_1_157' title='bbox 1119 2705 1247 2790; x_wconf 87' lang='lat' dir='ltr'><strong>quidem</strong></span> <span class='ocrx_word' id='word_1_158' title='bbox 1267 2707 1318 2770; x_wconf 91' lang='lat' dir='ltr'><strong>in-</strong></span> 
     </span>
     <span class='ocr_line' id='line_1_23' title="bbox 299 2821 1179 2904; baseline -0.002 -18"><span class='ocrx_word' id='word_1_159' title='bbox 299 2822 374 2886; x_wconf 90' lang='lat' dir='ltr'><strong>stitit</strong></span> <span class='ocrx_word' id='word_1_160' title='bbox 393 2833 524 2903; x_wconf 87' lang='lat' dir='ltr'><strong>repente</strong></span> <span class='ocrx_word' id='word_1_161' title='bbox 546 2821 624 2885; x_wconf 84' lang='lat' dir='ltr'><strong>fusis</strong></span> <span class='ocrx_word' id='word_1_162' title='bbox 644 2821 799 2885; x_wconf 88' lang='lat' dir='ltr'><strong>imbribus</strong></span> <span class='ocrx_word' id='word_1_163' title='bbox 823 2833 854 2885; x_wconf 91' lang='lat' dir='ltr'><strong>et</strong></span> <span class='ocrx_word' id='word_1_164' title='bbox 873 2821 1055 2904; x_wconf 89' lang='lat' dir='ltr'><strong>propinqua</strong></span> <span class='ocrx_word' id='word_1_165' title='bbox 1076 2832 1179 2885; x_wconf 86' lang='lat' dir='ltr'><strong>nocte.</strong></span> 
     </span>
    </p>

    <p class='ocr_par' dir='ltr' id='par_1_5' title="bbox 212 2931 1411 4031">
     <span class='ocr_line' id='line_1_24' title="bbox 212 2931 1319 3018; baseline 0.002 -23"><span class='ocrx_word' id='word_1_166' title='bbox 212 2946 240 3010; x_wconf 73' lang='lat' dir='ltr'><strong>a,</strong></span> <span class='ocrx_word' id='word_1_167' title='bbox 251 2949 284 3001; x_wconf 82' lang='lat' dir='ltr'><strong>ts</strong></span> <span class='ocrx_word' id='word_1_168' title='bbox 381 2935 510 3000; x_wconf 87' lang='lat' dir='ltr'><strong>Postera</strong></span> <span class='ocrx_word' id='word_1_169' title='bbox 531 2931 711 3018; x_wconf 82' lang='lat' dir='ltr'><strong>diequarte</strong></span> <span class='ocrx_word' id='word_1_170' title='bbox 731 2933 862 3000; x_wconf 89' lang='lat' dir='ltr'><strong>decuma</strong></span> <span class='ocrx_word' id='word_1_171' title='bbox 878 2936 958 3016; x_wconf 84' lang='lat' dir='ltr'><strong>legio</strong></span> <span class='ocrx_word' id='word_1_172' title='bbox 972 2935 1012 2999; x_wconf 86' lang='lat' dir='ltr'><strong>in</strong></span> <span class='ocrx_word' id='word_1_173' title='bbox 1026 2934 1223 3017; x_wconf 88' lang='lat' dir='ltr'><strong>superiorem</strong></span> <span class='ocrx_word' id='word_1_174' title='bbox 1242 2954 1319 3015; x_wconf 90' lang='lat' dir='ltr'><strong>pro·</strong></span> 
     </span>
     <span class='ocr_line' id='line_1_25' title="bbox 298 3047 1320 3115; baseline -0.001 -4"><span class='ocrx_word' id='word_1_175' title='bbox 298 3047 432 3111; x_wconf 84' lang='lat' dir='ltr'><strong>vinciam</strong></span> <span class='ocrx_word' id='word_1_176' title='bbox 453 3048 545 3111; x_wconf 86' lang='lat' dir='ltr'><strong>Gallo</strong></span> <span class='ocrx_word' id='word_1_177' title='bbox 564 3050 670 3112; x_wconf 82' lang='lat' dir='ltr'><strong>Annio</strong></span> <span class='ocrx_word' id='word_1_178' title='bbox 694 3049 804 3114; x_wconf 87' lang='lat' dir='ltr'><strong>missa:</strong></span> <span class='ocrx_word' id='word_1_179' title='bbox 838 3049 968 3115; x_wconf 80' lang='lat' dir='ltr'><strong>Cerialis</strong></span> <span class='ocrx_word' id='word_1_180' title='bbox 995 3050 1166 3113; x_wconf 85' lang='lat' dir='ltr'><strong>exercitum</strong></span> <span class='ocrx_word' id='word_1_181' title='bbox 1188 3047 1320 3111; x_wconf 90' lang='lat' dir='ltr'><strong>decuma</strong></span> 
     </span>
     <span class='ocr_line' id='line_1_26' title="bbox 299 3157 1320 3241; baseline 0.001 -18"><span class='ocrx_word' id='word_1_182' title='bbox 299 3180 339 3223; x_wconf 82' lang='lat' dir='ltr'><strong>ex</strong></span> <span class='ocrx_word' id='word_1_183' title='bbox 362 3159 514 3241; x_wconf 86' lang='lat' dir='ltr'><strong>Hispanis</strong></span> <span class='ocrx_word' id='word_1_184' title='bbox 538 3157 621 3236; x_wconf 90' lang='lat' dir='ltr'><strong>legio</strong></span> <span class='ocrx_word' id='word_1_185' title='bbox 643 3160 812 3240; x_wconf 82' lang='lat' dir='ltr'><strong>supplerit.</strong></span> <span class='ocrx_word' id='word_1_186' title='bbox 855 3159 949 3223; x_wconf 84' lang='lat' dir='ltr'><strong>Civili</strong></span> <span class='ocrx_word' id='word_1_187' title='bbox 973 3159 1172 3223; x_wconf 86' lang='lat' dir='ltr'><strong>Cauchorum</strong></span> <span class='ocrx_word' id='word_1_188' title='bbox 1201 3163 1320 3224; x_wconf 84' lang='lat' dir='ltr'><strong>auxilio</strong></span> 
     </span>
     <span class='ocr_line' id='line_1_27' title="bbox 300 3273 1321 3355; baseline 0.004 -17"><span class='ocrx_word' id='word_1_189' title='bbox 300 3294 425 3338; x_wconf 84' lang='lat' dir='ltr'><strong>venere.</strong></span> <span class='ocrx_word' id='word_1_190' title='bbox 466 3291 532 3334; x_wconf 94' lang='lat' dir='ltr'><strong>non</strong></span> <span class='ocrx_word' id='word_1_191' title='bbox 560 3282 664 3335; x_wconf 88' lang='lat' dir='ltr'><strong>tamen</strong></span> <span class='ocrx_word' id='word_1_192' title='bbox 694 3293 789 3337; x_wconf 88' lang='lat' dir='ltr'><strong>susus</strong></span> <span class='ocrx_word' id='word_1_193' title='bbox 817 3273 969 3355; x_wconf 88' lang='lat' dir='ltr'><strong>oppidum</strong></span> <span class='ocrx_word' id='word_1_194' title='bbox 1000 3276 1192 3343; x_wconf 80' lang='lat' dir='ltr'><strong>Batauorum</strong></span> <span class='ocrx_word' id='word_1_195' title='bbox 1224 3281 1321 3342; x_wconf 86' lang='lat' dir='ltr'><strong>armis</strong></span> 
     </span>
     <span class='ocr_line' id='line_1_28' title="bbox 298 3387 1319 3474; baseline 0.002 -21"><span class='ocrx_word' id='word_1_196' title='bbox 298 3389 393 3466; x_wconf 89' lang='lat' dir='ltr'><strong>tueri,</strong></span> <span class='ocrx_word' id='word_1_197' title='bbox 413 3387 511 3471; x_wconf 87' lang='lat' dir='ltr'><strong>raptis</strong></span> <span class='ocrx_word' id='word_1_198' title='bbox 533 3410 615 3474; x_wconf 91' lang='lat' dir='ltr'><strong>quae</strong></span> <span class='ocrx_word' id='word_1_199' title='bbox 636 3389 714 3454; x_wconf 77' lang='lat' dir='ltr'><strong>ferri</strong></span> <span class='ocrx_word' id='word_1_200' title='bbox 733 3388 895 3472; x_wconf 76' lang='lat' dir='ltr'><strong>poterant,</strong></span> <span class='ocrx_word' id='word_1_201' title='bbox 916 3391 1026 3454; x_wconf 91' lang='lat' dir='ltr'><strong>ceteris</strong></span> <span class='ocrx_word' id='word_1_202' title='bbox 1047 3390 1161 3469; x_wconf 89' lang='lat' dir='ltr'><strong>injecto</strong></span> <span class='ocrx_word' id='word_1_203' title='bbox 1183 3391 1263 3474; x_wconf 84' lang='lat' dir='ltr'><strong>igni,</strong></span> <span class='ocrx_word' id='word_1_204' title='bbox 1283 3394 1319 3455; x_wconf 90' lang='lat' dir='ltr'><strong>in</strong></span> 
     </span>
     <span class='ocr_line' id='line_1_29' title="bbox 296 3503 1313 3589; baseline 0 -21"><span class='ocrx_word' id='word_1_205' title='bbox 296 3506 431 3568; x_wconf 87' lang='lat' dir='ltr'><strong>insulam</strong></span> <span class='ocrx_word' id='word_1_206' title='bbox 451 3506 618 3584; x_wconf 89' lang='lat' dir='ltr'><strong>concessit,</strong></span> <span class='ocrx_word' id='word_1_207' title='bbox 643 3525 761 3587; x_wconf 88' lang='lat' dir='ltr'><strong>gnarus</strong></span> <span class='ocrx_word' id='word_1_208' title='bbox 781 3503 888 3569; x_wconf 90' lang='lat' dir='ltr'><strong>deesse</strong></span> <span class='ocrx_word' id='word_1_209' title='bbox 907 3525 1003 3569; x_wconf 87' lang='lat' dir='ltr'><strong>naves</strong></span> <span class='ocrx_word' id='word_1_210' title='bbox 1023 3504 1187 3571; x_wconf 88' lang='lat' dir='ltr'><strong>efficiendo</strong></span> <span class='ocrx_word' id='word_1_211' title='bbox 1212 3505 1313 3589; x_wconf 86' lang='lat' dir='ltr'><strong>ponti,</strong></span> 
     </span>
     <span class='ocr_line' id='line_1_30' title="bbox 296 3621 1314 3706; baseline 0.001 -22"><span class='ocrx_word' id='word_1_212' title='bbox 296 3644 398 3706; x_wconf 90' lang='lat' dir='ltr'><strong>neque</strong></span> <span class='ocrx_word' id='word_1_213' title='bbox 422 3623 595 3686; x_wconf 87' lang='lat' dir='ltr'><strong>exercitum</strong></span> <span class='ocrx_word' id='word_1_214' title='bbox 617 3643 787 3687; x_wconf 81' lang='lat' dir='ltr'><strong>romanum</strong></span> <span class='ocrx_word' id='word_1_215' title='bbox 811 3622 901 3685; x_wconf 86' lang='lat' dir='ltr'><strong>aliter</strong></span> <span class='ocrx_word' id='word_1_216' title='bbox 926 3621 1191 3685; x_wconf 80' lang='lat' dir='ltr'><strong>transmissurum.</strong></span> <span class='ocrx_word' id='word_1_217' title='bbox 1234 3622 1314 3705; x_wconf 91' lang='lat' dir='ltr'><strong>quin</strong></span> 
     </span>
     <span class='ocr_line' id='line_1_31' title="bbox 298 3736 1315 3817; baseline -0.005 -14"><span class='ocrx_word' id='word_1_218' title='bbox 298 3754 327 3803; x_wconf 90' lang='lat' dir='ltr'><strong>et</strong></span> <span class='ocrx_word' id='word_1_219' title='bbox 349 3737 445 3801; x_wconf 87' lang='lat' dir='ltr'><strong>diruit</strong></span> <span class='ocrx_word' id='word_1_220' title='bbox 464 3740 578 3801; x_wconf 90' lang='lat' dir='ltr'><strong>molem</strong></span> <span class='ocrx_word' id='word_1_221' title='bbox 600 3760 619 3801; x_wconf 90' lang='lat' dir='ltr'><strong>a</strong></span> <span class='ocrx_word' id='word_1_222' title='bbox 643 3740 753 3803; x_wconf 90' lang='lat' dir='ltr'><strong>Druso</strong></span> <span class='ocrx_word' id='word_1_223' title='bbox 778 3738 963 3803; x_wconf 83' lang='lat' dir='ltr'><strong>Germanico</strong></span> <span class='ocrx_word' id='word_1_224' title='bbox 993 3738 1123 3817; x_wconf 87' lang='lat' dir='ltr'><strong>iactam,</strong></span> <span class='ocrx_word' id='word_1_225' title='bbox 1152 3736 1315 3801; x_wconf 87' lang='lat' dir='ltr'><strong>Rhenum·</strong></span> 
     </span>
     <span class='ocr_line' id='line_1_32' title="bbox 298 3847 1411 3938; baseline -0.007 -22"><span class='ocrx_word' id='word_1_226' title='bbox 298 3877 360 3938; x_wconf 87' lang='lat' dir='ltr'><strong>que</strong></span> <span class='ocrx_word' id='word_1_227' title='bbox 381 3873 484 3936; x_wconf 89' lang='lat' dir='ltr'><strong>prono</strong></span> <span class='ocrx_word' id='word_1_228' title='bbox 505 3853 594 3915; x_wconf 83' lang='lat' dir='ltr'><strong>alveo</strong></span> <span class='ocrx_word' id='word_1_229' title='bbox 616 3851 649 3912; x_wconf 92' lang='lat' dir='ltr'><strong>in</strong></span> <span class='ocrx_word' id='word_1_230' title='bbox 672 3850 806 3914; x_wconf 88' lang='lat' dir='ltr'><strong>Galliam</strong></span> <span class='ocrx_word' id='word_1_231' title='bbox 827 3864 969 3913; x_wconf 87' lang='lat' dir='ltr'><strong>ruentem</strong></span> <span class='ocrx_word' id='word_1_232' title='bbox 991 3847 1124 3928; x_wconf 86' lang='lat' dir='ltr'><strong>disjectis</strong></span> <span class='ocrx_word' id='word_1_233' title='bbox 1143 3856 1227 3932; x_wconf 78' lang='lat' dir='ltr'><strong>quac</strong></span> <span class='ocrx_word' id='word_1_234' title='bbox 1250 3866 1320 3909; x_wconf 89' lang='lat' dir='ltr'><strong>mo·</strong></span> <span class='ocrx_word' id='word_1_235' title='bbox 1407 3896 1411 3902; x_wconf 92' lang='lat'><em>.</em></span> 
     </span>
     <span class='ocr_line' id='line_1_33' title="bbox 298 3965 1320 4031; baseline -0.002 -3"><span class='ocrx_word' id='word_1_236' title='bbox 298 3972 451 4031; x_wconf 83' lang='lat' dir='ltr'><strong>rabuntur</strong></span> <span class='ocrx_word' id='word_1_237' title='bbox 478 3965 600 4028; x_wconf 83' lang='lat' dir='ltr'><strong>effudit.</strong></span> <span class='ocrx_word' id='word_1_238' title='bbox 650 3966 693 4028; x_wconf 87' lang='lat' dir='ltr'><strong>sic</strong></span> <span class='ocrx_word' id='word_1_239' title='bbox 719 3966 803 4031; x_wconf 81' lang='lat' dir='ltr'><strong>velut</strong></span> <span class='ocrx_word' id='word_1_240' title='bbox 827 3969 935 4029; x_wconf 86' lang='lat' dir='ltr'><strong>abacto</strong></span> <span class='ocrx_word' id='word_1_241' title='bbox 963 3986 1054 4027; x_wconf 86' lang='lat' dir='ltr'><strong>amne</strong></span> <span class='ocrx_word' id='word_1_242' title='bbox 1082 3965 1185 4027; x_wconf 90' lang='lat' dir='ltr'><strong>tenuis</strong></span> <span class='ocrx_word' id='word_1_243' title='bbox 1213 3965 1320 4028; x_wconf 85' lang='lat' dir='ltr'><strong>alveus</strong></span> 
     </span>
    </p>
   </div>
   <div class='ocr_carea' id='block_1_3' title="bbox 0 0 1476 4625">
    <p class='ocr_par' dir='ltr' id='par_1_6' title="bbox 0 0 1476 4625">
     <span class='ocr_line' id='line_1_34' title="bbox 0 0 1476 4625; baseline 0 0"><span class='ocrx_word' id='word_1_244' title='bbox 0 0 1476 4625; x_wconf 95' lang='lat' dir='ltr'><strong> </strong></span> 
     </span>
    </p>
   </div>
  </div>
 </body>
</html>
