2934 4625
495 267 555 337 nx
579 268 815 339 msrouus
1003 317 1009 326 ,
1102 273 1164 340 107
1222 369 1229 379 ..

142 444 231 528 pacis
251 443 409 525 redirent,
434 447 536 510 securi
556 449 645 513 velut
666 449 809 513 coniecto
831 448 932 527 bello,
954 447 1040 532 quod
1061 468 1165 511 roma-

143 583 204 622 nae
235 580 347 622 manus
380 561 584 643 excepissent.
633 561 733 623 Auxit
756 584 793 624 ea
812 582 864 624 res
888 560 1051 624 Gallorum
1074 562 1165 622 obse-

145 673 273 756 quium:
302 694 378 735 nam
406 688 532 756 recepta
559 680 721 753 juventute
756 676 880 738 facilius
907 677 1026 738 tributa
1050 676 1166 738 tolera-

143 810 235 868 vere,
256 790 423 869 proniores
448 787 488 851 ad
513 790 631 869 olficia,
656 788 743 875 quod
765 793 1002 873 spernebantur.
1051 791 1094 851 At
1114 786 1167 850 Ci-

143 903 214 966 vilis
238 915 270 964 et
291 902 445 979 Classicus
466 906 522 967 ubi
542 908 670 986 pulsum
690 908 852 984 Tutorem,
876 926 980 969 caesos
1001 906 1168 982 Treveros,

145 1033 256 1082 cuncta
274 1019 419 1110 hostibus
438 1040 589 1100 prospera
610 1040 779 1100 accepere,
802 1018 918 1101 trepidi
940 1041 975 1080 ac
994 1038 1169 1100 properan-

146 1143 209 1209 tes,
240 1129 316 1192 dum
344 1130 500 1212 dispersas
527 1151 657 1194 suorum
687 1134 793 1213 copias
822 1131 1020 1211 conducunt,
1051 1132 1169 1194 crebris

146 1245 274 1307 interim
304 1247 424 1307 nuntiis
452 1247 657 1308 Valentinum
686 1268 855 1326 monuere,
886 1268 928 1308 ne
955 1268 1094 1309 summae
1122 1248 1171 1310 rei

145 1358 318 1439 periculum
341 1360 469 1422 faceret.
512 1362 560 1424 Eo
588 1360 728 1442 rapidius
759 1361 889 1423 Cerialis
917 1362 1018 1423 missis
1039 1363 1073 1422 in
1098 1361 1170 1422 Me·

146 1470 348 1534 diomatricos
367 1474 423 1555 qui
443 1475 589 1538 breviore
611 1477 724 1539 itinere
746 1479 885 1557 legiones
907 1477 940 1536 in
957 1479 1079 1539 hostem
1097 1497 1171 1539 ver·

145 1599 266 1663 terent,
296 1601 456 1652 contracto
478 1589 565 1671 quod
588 1602 654 1652 erat
674 1590 810 1651 militum
830 1591 1037 1669 Magontiaci,
1069 1610 1171 1670 quan-

145 1714 277 1785 tumque
310 1722 416 1764 secum
447 1714 683 1779 transvexerat,
714 1705 813 1767 tertiis
845 1682 953 1765 castris
982 1701 1171 1782 Rigodulum

148 1818 252 1896 venit,
284 1838 381 1901 quem
410 1818 516 1879 locum
539 1839 651 1897 magua
673 1818 887 1881 Treverorum
912 1839 1008 1879 manu
1028 1818 1173 1880 Valenti·

147 1954 208 1994 nus
229 1930 389 1995 insederat
415 1933 577 1994 montibus
604 1943 658 1992 aut
680 1931 815 1992 Mosella
844 1952 935 1993 amne
965 1942 1097 2011 septum.
1142 1943 1173 1992 et

147 2043 312 2120 addiderat
343 2046 443 2107 fossas
476 2045 645 2127 obicesque
677 2063 837 2106 saxorum.
892 2043 960 2105 Nec
991 2041 1171 2105 deterruere

148 2180 185 2222 ca
223 2159 419 2221 munimenta
452 2177 621 2218 romanum
654 2152 767 2216 ducem
801 2174 865 2238 quo
899 2157 1003 2218 minus
1035 2156 1172 2237 peditem

59 2260 62 2264 ’
148 2292 353 2353 perrumpere
373 2273 512 2351 juberet,
546 2269 687 2354 equitum
717 2271 816 2333 aciem
842 2271 875 2333 in
902 2274 1011 2335 collem
1041 2274 1175 2353 erigeret

151 2398 256 2466 spreto
277 2386 385 2462 hoste,
414 2406 509 2467 quem
533 2399 650 2447 temere
672 2388 838 2448 collectum
862 2387 946 2448 haud
969 2391 1012 2449 ita
1032 2391 1103 2449 loeo
1124 2393 1174 2465 ju·

151 2499 221 2560 vari
241 2510 365 2559 utnon
392 2501 462 2579 plus
488 2501 552 2561 suis
579 2499 612 2560 in
636 2501 751 2564 virtute
777 2501 871 2562 foret.
911 2499 1051 2561 Paulum
1066 2520 1174 2562 morae

149 2613 185 2673 in
205 2632 344 2689 ascensu,
366 2610 442 2672 dum
462 2612 590 2675 missilia
609 2614 749 2677 hostium
769 2613 1022 2693 praevehuntur:
1043 2624 1080 2674 ut
1097 2633 1175 2675 ven·

150 2741 217 2789 tum
244 2726 279 2786 in
308 2744 439 2803 manus,
470 2721 627 2786 deturbati
654 2725 766 2786 ruinae
796 2722 891 2788 modo
918 2725 1175 2806 praecipitantur.

150 2856 181 2905 et
201 2861 276 2922 pars
298 2841 438 2922 equitum
461 2839 664 2921 aequioribus
688 2839 770 2918 jugis
792 2838 995 2902 circumvecta
1016 2838 1175 2901 nobilissi-

150 2977 220 3019 mos
241 2957 427 3033 Belgarum,
449 2955 484 3014 in
505 2954 576 3036 quis
599 2951 711 3016 ducem
731 2950 953 3030 Valentinum,
978 2951 1068 3032 cepit.

238 3068 370 3131 Cerialis
400 3080 528 3149 postero
557 3065 607 3129 die
637 3069 794 3130 coloniam
820 3067 1030 3129 Treverorum
1056 3066 1174 3146 ingres·
1189 3077 1260 3140 4,τῖ

150 3204 203 3247 sus
224 3196 271 3246 est
295 3179 389 3246 avido
410 3180 508 3242 milite
530 3176 689 3241 eruendae
710 3173 852 3241 civitatis.
894 3180 976 3241 hanc
999 3200 1065 3241 esse
1087 3178 1175 3242 Cles-

79 3340 86 3347 -
151 3296 223 3375 sici,
244 3297 326 3356 hanc
350 3294 479 3356 Tutoris
500 3292 652 3373 patriam,
680 3293 796 3353 horum
818 3294 933 3355 scelere
962 3296 1080 3356 clausas
1106 3316 1174 3356 cae·

151 3430 264 3496 sasque
279 3410 428 3488 legiones.
468 3405 546 3489 quid
559 3418 684 3477 tantum
699 3403 888 3466 Cremonam
904 3408 1063 3484 meruisse,
1080 3429 1175 3491 quam

153 3545 170 3583 e
188 3523 306 3602 gremio
322 3522 429 3583 ltaliae
448 3534 580 3602 raptam,
602 3520 676 3601 quia
697 3521 793 3580 unius
815 3520 914 3581 noctis
935 3526 1057 3583 moram
1078 3525 1175 3586 victo·

150 3635 241 3697 ribus
270 3632 430 3697 attulerit?
463 3647 544 3696 stare
574 3633 609 3693 in
638 3633 774 3695 confinio
806 3633 992 3697 Germaniae
1022 3637 1174 3717 integram

152 3748 259 3812 sedem
287 3749 396 3831 spoliis
425 3746 620 3809 exercituum
649 3758 680 3807 et
704 3744 819 3807 ducum
846 3745 993 3810 caedibus
1020 3763 1175 3814 ovantem.

150 3864 347 3945 redigeretur
370 3862 488 3946 praeda
508 3863 542 3924 in
562 3860 686 3924 fiscum:
707 3859 783 3942 ipsis
804 3862 947 3926 sufficere
966 3861 1052 3942 ignes
1074 3874 1104 3924 et
1123 3883 1175 3922 re·

153 3979 243 4041 bellis
275 3977 418 4043 coloniae
451 3974 577 4051 ruinas,
618 3974 734 4060 quibus
769 3988 816 4038 tot
850 3989 1020 4040 castrorum
1055 3972 1175 4039 excidio
