2934 4625
475 257 538 327 ox
558 257 795 327 HISTORIIS
1106 265 1147 333 81

126 446 289 517 potestate.
338 433 537 499 manentibus
565 413 722 499 honorata
750 432 876 514 militia,
905 431 1156 517 digredientibus

125 552 225 632 spolia
248 550 465 613 Romanorum
494 548 721 611 offerebantur.¹
761 548 855 611 simul
882 549 1007 612 secretis
1028 570 1147 612 sermo·

124 665 219 726 nibus
243 663 432 727 admonebat
453 664 607 764 malorum
636 649 717 746 quae
744 644 792 725 tot
814 664 904 725 annis
926 664 1067 746 perpessi
1085 664 1145 726 mi-

125 800 227 842 seram
247 779 428 844 servitutem
449 780 529 842 falso
550 800 659 861 pacem
677 791 839 844 vocarent.
880 780 1025 845 ‘Batavos
1044 801 1146 864 quan·

125 919 222 982 quam
236 879 433 962 tributorum
459 908 603 979 expertes
632 915 720 957 arma
748 906 858 958 contra
885 916 1066 959 communes
1089 894 1145 958 do·

123 1012 227 1075 minos
249 993 376 1093 cepisse.
416 993 519 1092 prims
539 1009 605 1073 acie
624 1011 731 1073 fusum
754 1011 933 1094 victumque
956 1009 1146 1073 Romanum.

124 1125 250 1208 quidsi
273 1113 391 1189 Galliae
419 1130 527 1206 jugum
554 1109 695 1189 exuant?
726 1138 881 1210 quantum
901 1125 937 1187 in
957 1126 1048 1188 Italia
1073 1125 1147 1188 reli-

124 1236 246 1342 qurum?
267 1240 502 1322 provinciarum
520 1244 670 1341 sanguine
684 1219 863 1323 provincias
878 1239 972 1304 vinei.
1010 1263 1051 1305 ne
1066 1241 1147 1305 Vin·

125 1335 202 1418 dicis
226 1356 323 1417 aciem
352 1355 541 1435 cogitarent.
571 1335 685 1418 batavo
713 1355 818 1438 equite
845 1354 997 1435 protritos
1019 1355 1147 1419 Aeduos

122 1450 366 1572 Arvernosquet
388 1468 483 1529 {bisse
505 1449 587 1528 inter
604 1466 748 1546 Verginii
768 1466 887 1529 auxilia
906 1468 1035 1549 Belgas3
1055 1490 1147 1533 vere-

124 1601 186 1663 que
221 1565 451 1663 repetentibus
475 1578 609 1639 Galliam
646 1577 775 1638 suismet
809 1580 932 1643 viribus
968 1579 1148 1644 concidisse

122 1715 209 1758 nunc
238 1692 362 1757 easdem
393 1692 535 1757 omnium
559 1678 681 1772 partes,
696 1675 698 1680 ⁵
713 1687 819 1753 addito
849 1693 876 1753 si
902 1691 979 1776 quid
1007 1693 1149 1757 militaris

123 1808 359 1891 disciplinae‘in
382 1806 491 1870 castris
513 1806 740 1867 Romanorum
759 1804 902 1885 viguerit.
955 1828 1021 1870 esse
1043 1818 1151 1870 secum

122 1910 287 1987 veteranas
309 1906 477 1999 cohortes,
493 1919 609 2002 quibus
634 1939 738 2000 nuper
759 1905 894 1984 Othonis
913 1921 1052 2002 legiones
1072 1941 1148 2004 pro·

123 2023 300 2100 cubuerint.
349 2023 503 2099 servirent
532 2021 625 2098 Suria
656 2033 795 2117 Asiaque
810 2042 811 2046 ’
826 2046 857 2097 et
885 2048 991 2101 suetus
1021 2022 1147 2117 regibus

124 2151 258 2218 Oriens:
277 2154 398 2214 multos
419 2148 521 2215 adhue
544 2150 579 2212 in
604 2148 705 2212 Gallia
726 2149 834 2215 vivere
857 2165 928 2214 ante
949 2137 1069 2216 tributa
1092 2175 1146 2233 ge·

122 2268 215 2330 nitos.
257 2251 360 2347 nuper
380 2278 463 2328 certe
481 2287 572 2330 ‘caeso
598 2264 753 2342 Quintilio
775 2266 1007 2349 Varo'pulsam
1030 2268 1144 2331 eGer·

122 2384 228 2445 mania
248 2364 439 2458 servitutem,
460 2403 517 2443 nec
534 2383 699 2444 Vitellium
715 2381 891 2462 principem
911 2380 965 2443 sed
987 2403 1152 2445 caesarem

123 2507 289 2574 augustum
318 2494 401 2555 bello
430 2504 648 2572 provocatum.
700 2472 878 2554 libertatem
907 2507 1019 2555 natura
1050 2498 1143 2557 etiam

123 2607 216 2669 mutis
246 2605 431 2667 animalibus
458 2602 578 2681 datam,
608 2603 757 2668 virtutem
784 2586 1144 2686 propriumhominum

121 2723 252 2782 bonum.
302 2717 378 2781 deos
410 2716 594 2780 fortioribus
626 2716 744 2781 adesse.
801 2718 935 2801 proinde
968 2723 1145 2802 arriperent

121 2835 215 2900 vacui
237 2845 419 2914 occupatos,
449 2833 563 2913 integri
584 2834 694 2896 fessos.
735 2820 811 2894 dum
832 2833 886 2894 alii
905 2835 1144 2914 Vespasianum,

123 2952 177 3056 alii
190 2948 353 3012 Vitellium
369 2949 514 3026 foveant,
536 2929 643 3031 patere
660 2951 766 3010 locum
787 2944 935 3016 adversus
955 2950 1144 3030 utrumque!

208 3060 292 3123 Sic
280 3081 317 3122 ιιι
342 3060 458 3123 Gallias
480 3046 759 3145 Germaniasque
748 3073 905 3139 intentus,
934 3060 961 3122 si
988 3059 1185 3141 destinata4,
1194 3080 1227 3128 ts

120 3176 355 3259 provenissent,
383 3175 642 3242 ualidissimarum
669 3176 956 3259 ditissimarumque
976 3160 1138 3241 nationum

120 3310 218 3370 regno
239 3289 432 3352 imminebat.
475 3291 517 3353 At
539 3292 668 3356 Flaccus
689 3290 893 3355 Hordeonius
914 3291 1032 3374 primos
1057 3291 1140 3356 civi-

120 3401 161 3463 lis
191 3413 319 3463 conatus
347 3423 406 3483 per
435 3402 713 3468 dissimulationem
743 3404 828 3465 aluit.
878 3403 943 3466 Ubi
967 3420 1141 3486 expugnata

122 3524 232 3617 castra,
254 3510 371 3574 deletas
394 3517 547 3619 cohortes,
568 3516 694 3595 pulsum
709 3515 902 3579 Batavorum
916 3517 1020 3578 insula
1037 3537 1142 3579 ronia-

121 3650 199 3691 num
221 3648 339 3690 nomen
358 3627 476 3710 trepidi
496 3629 600 3691 nuntii
621 3630 811 3705 afferebant,
840 3628 998 3693 Mumium
1019 3629 1142 3711 Luper-

122 3764 193 3804 cum
221 3744 357 3822 legatum
390 3737 430 3824 (is
460 3739 594 3803 duarum
624 3743 783 3823 legionum
812 3743 952 3807 hibernis
983 3741 1142 3827 praeerat)

122 3853 227 3935 egredi
254 3853 405 3918 adversus
431 3856 552 3918 hostem
580 3860 678 3936 jubet.
721 3858 884 3940 Lupercus
910 3859 1099 3938 legionarios
1125 3878 1141 3918 e

120 3970 347 4048 praesentibus,
362 3967 462 4031 Ubios
479 3991 495 4030 e
511 3972 674 4052 proximis,
690 3973 903 4041 Treverorum
920 3975 1039 4055 equites
1057 3968 1142 4031 haud

862 4093 880 4145 6
