2934 4625
496 304 558 373 EX
582 301 835 373 ANNALIBUS
1128 297 1175 363 x27

159 481 285 545 dieram.
335 480 469 545 Caecina
500 500 569 543 cum
601 475 755 561 expeditis
783 471 965 540 cohortibus
994 471 1116 554 praeire
1146 482 1176 531 et

158 597 313 660 obstantia
333 596 483 661 silvarum
505 593 629 656 amoliri
650 595 796 670 jubetur:
820 591 959 670 legiones
980 584 1105 649 modico
1125 584 1175 645 iu·

154 714 287 777 teruallo
311 725 498 796 sequnntur.
540 709 624 772 Juvit
645 728 712 770 nox
733 704 888 769 sideribus
909 702 1066 778 inlustris,
1097 719 1174 764 veu-

154 811 286 910 tumque
317 826 357 889 ad
386 826 472 889 vicos
501 824 699 899 Marsorum,
729 834 761 885 et
790 816 997 884 circumdatae
1026 815 1175 879 stationes

157 945 260 1004 stratis
282 940 375 1004 etiam
396 951 464 1002 tum
485 959 544 1019 per
565 933 679 999 cubilia
700 947 893 1018 propterque
915 953 1054 1007 mensas,
1086 930 1175 993 nullo

156 1068 259 1130 metu,
285 1075 350 1117 non
372 1054 552 1134 antepositis
573 1052 696 1134 vigiliis.
740 1049 818 1113 adeo
841 1060 952 1111 cuncta
972 1047 1095 1110 incuria
1113 1044 1175 1107 dis·

156 1173 236 1244 jecta
263 1180 370 1228 erant:
403 1187 507 1249 neque
531 1166 607 1228 belli
627 1165 740 1242 timor,
764 1185 800 1225 ac
821 1185 862 1225 ne
883 1184 948 1245 pax
969 1162 1095 1246 quidem
1117 1162 1177 1224 nisi

154 1279 301 1363 languida
322 1293 353 1343 et
374 1282 477 1344 soluta
496 1280 579 1342 inter
599 1280 795 1340 temulentos.

241 1393 357 1458 Caesar
378 1394 484 1459 avidas
504 1397 658 1475 legiones,
691 1414 755 1478 quo
781 1391 875 1455 latior
900 1391 1063 1473 populatio
1085 1390 1176 1466 foret,
1193 1398 1260 1461 t,5t

156 1523 304 1593 quattuor
325 1511 358 1572 in
380 1532 496 1574 cuneos
518 1510 676 1592 dispertit,
703 1510 931 1593 quinquaginta
945 1507 1084 1569 millium
1106 1526 1177 1586 spa·

155 1626 235 1687 tium
256 1626 343 1686 ferro
367 1624 564 1706 flammisque
585 1634 761 1705 pervastat:
786 1643 852 1684 non
874 1642 985 1697 sexus,
1008 1640 1073 1681 non
1095 1630 1179 1680 aetas

158 1739 388 1801 irriserationem
410 1738 531 1815 attulit,
560 1739 695 1819 prolana
715 1737 810 1798 simul
830 1749 862 1797 et
881 1756 968 1798 sacra
990 1744 1021 1797 et
1043 1731 1179 1796 celeber·

157 1854 272 1916 nimum
293 1854 355 1916 illis
377 1856 522 1935 gentibus
544 1855 704 1936 templum,
728 1851 815 1936 quod
833 1851 995 1913 Tanfanae
1017 1849 1180 1925 vocabant,

159 1969 227 2028 solo
250 1980 436 2050 aequantur.
478 1969 545 2031 sine
570 1970 701 2033 vulnere
725 1967 854 2045 milites,
888 1966 944 2048 qui
965 1964 1178 2042 semisomnos,

113 2073 116 2079 ’
158 2081 296 2144 inermos
310 2093 365 2143 aut
379 2085 520 2162 palantes
533 2080 720 2145 ceciderant.
743 2080 867 2144 Excivit
879 2102 916 2142 ea
927 2078 1036 2142 caedes
1047 2080 1178 2142 Bructe-

157 2216 219 2274 ros,
236 2199 405 2276 Tubantes,
420 2200 581 2280 Usipetas3
599 2199 773 2281 saltusque,
791 2220 849 2280 per
866 2218 946 2281 quos
962 2197 1113 2260 exercitui
1126 2218 1178 2258 re·

158 2333 290 2392 gressus,
313 2313 466 2376 insedere.
509 2313 595 2396 qnod
612 2334 745 2394 gnarum
761 2309 849 2390 duci,
870 2314 1058 2396 incessitque
1073 2313 1178 2374 itineri

158 2440 188 2487 et
200 2427 333 2507 proelio.
366 2448 439 2507 pars
454 2428 596 2509 equitum
612 2440 642 2488 et
658 2427 840 2488 auxiliariae
857 2429 999 2491 cobortes
1014 2426 1179 2504 ducebant,

161 2560 235 2602 mox
252 2540 353 2619 prima
372 2540 464 2617 legio,
485 2550 516 2600 et
536 2538 646 2601 mediis
666 2537 896 2618 impedimentis
916 2540 1076 2601 sinistrum
1095 2544 1178 2601 latus

160 2651 430 2729 unetvicesimani,
457 2652 602 2713 dextrum
624 2651 769 2734 quintani
790 2652 945 2730 clausere,
966 2651 1113 2714 vicesima
1133 2655 1178 2713 le·
1260 2658 1268 2675 ¹

160 2769 210 2848 gio
238 2781 324 2848 terga
351 2765 505 2843 firmavit,
536 2777 609 2847 post
637 2765 732 2828 ceteri
761 2764 928 2828 sociorum.
977 2764 1039 2827 Sed
1063 2766 1179 2843 hostes,

161 2883 261 2948 donec
288 2905 399 2964 agmen
418 2904 477 2965 per
499 2883 595 2945 saltus
618 2883 848 2964 porrigeretur,
873 2884 1012 2960 immoti,
1039 2880 1112 2945 dein
1132 2884 1178 2944 la·

161 3012 227 3060 tera
257 3012 286 3060 et
314 2999 450 3062 frontem
478 2994 599 3059 modice
628 2995 817 3059 adsultantes
839 3009 905 3060 tota
931 2998 964 3063 vi
992 2998 1178 3064 novissimos

158 3115 331 3176 incurrere.
373 3112 658 3194 Turbabanturque
690 3111 795 3174 densis
821 3113 1050 3177 Germanorum
1079 3127 1178 3176 cater-

159 3229 206 3294 vis
227 3231 311 3304 leves
334 3229 495 3304 cohortes,
524 3246 593 3289 cum
615 3247 721 3289 caesar
742 3224 888 3290 advectus
913 3227 952 3291 ad
971 3229 1177 3293 vicesimanos

160 3364 236 3408 voce
266 3364 379 3423 magna
414 3344 475 3407 hoc
504 3342 584 3405 illud
615 3355 739 3425 tempus
771 3343 982 3407 obliterandae
1016 3346 1178 3409 seditionis

163 3458 354 3521 clamitabat:
375 3470 550 3540 pergerent,
571 3469 778 3538 properarent
798 3459 922 3540 culpam
938 3460 972 3520 in
993 3457 1087 3522 decus
1106 3482 1178 3523 ver-

161 3583 238 3633 tere.
286 3572 440 3633 Exarsere
462 3573 590 3650 animis,
622 3593 750 3655 unoque
772 3575 890 3653 impetu
913 3588 1097 3656 perruptum
1119 3578 1179 3640 ho·

161 3697 239 3750 stem
260 3683 407 3765 redigunt
427 3685 461 3746 in
483 3697 590 3766 aperta
611 3683 818 3768 caeduntque.
862 3688 954 3749 simul
973 3688 1066 3770 primi
1083 3690 1179 3769 agmi-

162 3800 210 3861 nis
232 3802 340 3881 copiae
358 3820 483 3864 evasere
504 3800 596 3864 silvas
614 3813 776 3885 castraque
798 3804 1040 3867 communivere.
1082 3802 1179 3880 Quie-

164 3929 227 3978 tum
251 3915 324 3979 iude
347 3915 423 3994 iter,
452 3913 614 4000 fidensque
635 3919 813 3983 recentibus
839 3941 873 3982 ac
898 3920 1041 4002 priorum
1063 3920 1182 4003 oblitus

162 4031 248 4092 miles
269 4031 301 4091 iu
323 4030 463 4093 bibernis
481 4032 613 4093 locatur.
