2934 4625
303 250 367 317 us
407 327 411 336 ,
595 249 756 319 nure
777 250 1040 322 sourcomu

301 422 466 508 intercepti
492 434 575 502 sunt.
625 446 661 488 sc
689 425 779 489 luere
805 448 885 512 quos
915 449 974 511 per
994 426 1180 493 commercia
1202 447 1323 493 venun·

299 537 389 602 datos
417 551 449 602 et
473 538 506 601 in
535 550 674 602 nostram
703 560 805 625 usque
828 539 933 623 ripam
956 543 1129 606 mutatione
1152 540 1321 604 ementium

298 651 451 718 adductae
471 651 622 718 indicium
643 655 723 718 tanti
744 676 833 720 casus
854 656 1034 721 illustrarit.

246 786 285 837 ³2
385 813 396 834 .
417 811 427 832 .
447 811 458 832 .
478 767 623 833 deserent
642 769 716 833 illos
740 772 836 836 ceteri
858 772 1019 850 Germani,
1038 783 1189 857 tanquam
1219 789 1321 851 nuper

296 878 390 965 Usipi
410 881 620 969 reliquerunt.
669 873 672 880 ¹
828 865 832 872 ⁴
915 867 918 871 ’

245 1012 281 1063 st
380 995 425 1076 (a.
446 996 502 1078 84)
523 994 689 1083 Simulque
712 999 888 1062 constantia
906 998 1000 1062 simul
1022 1010 1089 1062 arte
1106 996 1250 1062 Britanni
1270 998 1318 1059 iu·

295 1109 439 1190 gentibue
463 1109 574 1193 gladiis
601 1123 633 1175 et
659 1112 812 1178 brevibus
843 1113 954 1178 caetris
981 1112 1110 1178 missilia
1137 1125 1318 1177 nostrornm

292 1223 392 1286 vitare
420 1224 472 1287 rel
500 1238 666 1304 excutere,
697 1209 792 1310 atque
823 1227 886 1309 ipsi
913 1209 1058 1307 magnam
1088 1227 1153 1293 vim
1181 1228 1318 1289 telorum

293 1334 540 1417 superfundere:
572 1337 673 1401 donec
688 1338 842 1418 'Agricola
865 1347 934 1402 'tres
955 1341 1148 1404 Batavorum
1171 1339 1316 1402 cohortes

292 1470 328 1512 ae
348 1451 551 1532 Tungrorum
572 1439 650 1516 duas
680 1441 862 1517 cohortatus
884 1465 947 1533 est,
979 1467 1104 1516 utrem
1127 1451 1168 1514 ad
1190 1471 1315 1514 mucro·-

291 1582 348 1625 nee
370 1585 406 1626 ac
427 1583 540 1626 manue
561 1561 772 1644 adducerent,
799 1565 886 1650 quod
909 1578 939 1628 et
963 1546 1039 1648 ipsis
1057 1571 1211 1630 uetustate
1233 1567 1315 1629 mili·

291 1676 353 1740 tiae
387 1678 598 1741 exercitatum
626 1689 656 1742 et
688 1679 833 1744 hostibus
865 1665 1006 1744 inhabile
1036 1699 1135 1763 parva
1167 1691 1254 1743 scuta
1284 1692 1314 1741 et

291 1811 436 1855 enormes
466 1790 594 1872 gladios
617 1792 810 1872 gerentibus.
837 1779 944 1857 'nam'
965 1794 1191 1857 Britannorum
1218 1790 1314 1873 gladii

289 1909 359 1971 eine
379 1928 535 1970 mucrone*
549 1908 748 1990 complexum
763 1930 925 1972 armorum
942 1921 973 1976 et
993 1912 1026 1973 in
1049 1923 1158 1992 aperto
1176 1930 1313 1991 pugnam

287 2045 354 2087 non
381 2025 567 2087 tolerabant.
608 2023 704 2102 igitur
731 2036 768 2086 ut
792 2024 904 2087 Batavi
931 2025 1061 2087 miscere
1087 2026 1185 2103 ictus,
1214 2025 1310 2088 ferire

287 2135 498 2212 umbonibus,
526 2154 583 2197 ore
602 2130 714 2195 fodere
742 2145 773 2195 et
799 2135 905 2197 stratis
928 2136 1035 2219 quiin
1059 2154 1162 2219 aequo
1184 2132 1309 2197 adstite-

286 2263 358 2316 rant
379 2249 497 2332 erigere
524 2248 680 2313 incohes
707 2246 807 2313 eciem
835 2268 986 2334 coepere,
1014 2261 1134 2315 ceterae
1163 2250 1309 2314 cohortes

286 2368 495 2433 aemulatione
531 2379 563 2431 et
601 2366 721 2449 impetu
756 2365 935 2432 commistae
966 2368 1129 2452 proximos
1162 2387 1307 2453 quosque

285 2482 427 2550 caedere.

232 2617 270 2668 ss
369 2594 411 2681 (a.
432 2592 488 2677 84)
508 2595 603 2658 Hunc
623 2615 731 2660 rerum
753 2617 899 2675 cursum,
925 2618 1107 2681 quanquam
1127 2597 1213 2658 nulla
1233 2616 1306 2658 ver·

283 2716 399 2778 borum
422 2712 568 2791 jactantia
598 2713 738 2795 epistolis
764 2711 925 2794 Agricolae
955 2725 1096 2789 auctum,
1128 2723 1164 2773 ut
1191 2712 1304 2773 Domi·

282 2829 370 2891 tiano
391 2826 488 2890 moris
513 2839 596 2905 erat,
623 2827 729 2890 honte
751 2828 871 2908 laetus,
896 2840 1022 2910 pectore
1043 2826 1156 2889 anxius
1178 2825 1304 2908 excipit.

281 2943 385 3006 inerat
412 2942 601 3008 conscientia
633 2941 751 3005 derisui
779 2943 876 3007 fuisse
906 2962 1010 3025 nuper
1036 2942 1152 3003 falsum
1178 2960 1195 3002 e
1222 2940 1302 3002 Ger·

280 3056 386 3117 mania
406 3056 619 3137 triumphum,
647 3054 760 3135 emptis
788 3032 846 3137 per
868 3056 1052 3117 commercia
1081 3075 1219 3137 quorum
1243 3055 1301 3116 ha-

279 3169 363 3232 bitus
385 3179 417 3229 et
443 3166 544 3229 crines
572 3166 606 3227 in
634 3165 830 3246 captivorum
857 3167 975 3247 species
1003 3168 1233 3245 formarentur,
1263 3191 1299 3232 ac

278 3305 364 3345 nunc
385 3302 493 3346 veram
513 3301 719 3364 magnamque
740 3280 904 3347 victoriam
926 3293 975 3347 tot
997 3282 1136 3348 millibus
1160 3284 1297 3349 hostium

278 3394 374 3458 caesis
394 3392 513 3474 ingenti
533 3394 617 3456 fama
637 3393 799 3457 celebrari.
1338 3382 1341 3387 ⁴

227 3527 261 3578 41
363 3504 406 3593 (a.
429 3503 485 3591 86)
516 3518 548 3570 et
578 3529 615 3569 ea
641 3507 782 3570 insecuta
809 3519 883 3569 sunt
909 3506 957 3569 rei
982 3509 1126 3589 publicae
1155 3519 1295 3589 tempora
1326 3560 1328 3563 .
1367 3580 1373 3589 N

276 3642 358 3705 quae
389 3621 474 3684 sileri
501 3621 677 3701 Agricolam
710 3640 777 3682 non
807 3618 964 3683 sinerent:
997 3632 1045 3683 tot
1074 3622 1231 3684 exercitus
1259 3621 1292 3681 io

274 3737 397 3798 Moesia
419 3735 581 3819 Daciaque
610 3748 641 3797 et
670 3733 839 3798 Germania
869 3747 900 3797 et
927 3737 1089 3799 Pannonia
1119 3737 1291 3800 temeritate

274 3863 329 3912 anst
347 3871 407 3934 per
426 3850 582 3945 ignaviam
603 3849 719 3913 ducum
744 3852 866 3929 amissi,
893 3862 942 3913 tot
967 3851 1116 3913 militares
1136 3853 1197 3914 viri
1218 3874 1290 3915 cum

272 3976 320 4027 tot
348 3964 529 4032 cohortibus
558 3966 727 4047 expugnati
755 3978 787 4029 et
816 3965 913 4047 capti,
953 3986 1011 4027 nec
1037 3970 1098 4044 jam
1126 3962 1165 4026 de
1192 3966 1289 4029 limite
