2934 4625
308 248 351 309 72
660 244 722 311 EX
746 242 982 312 HISTORIIS

223 423 291 487 ¹‚59
394 422 493 483 lulius
516 418 629 483 deinde
653 417 761 483 Civilis
782 407 923 502 periculo
945 429 1120 500 exemptus,
1140 432 1333 504 praepotens

308 536 391 597 inter
410 535 563 613 Batavos,
592 554 632 596 ne
654 532 809 615 supplicio
831 537 899 612 ejus
919 534 1013 597 ferox
1033 553 1109 612 gens
1131 533 1334 601 alienaretur.

309 662 340 711 et
362 662 450 712 erant
470 650 505 709 in
528 647 652 713 civitate
673 647 852 729 Lingonum
872 659 943 711 octo
964 649 1158 709 Batauorum
1177 649 1334 731 cohortes,

309 773 439 844 quartae
462 759 611 825 decumae
630 760 762 841 legionis
784 760 918 840 auxilia,
940 772 1008 823 tum
1032 758 1190 850 discordia
1209 775 1334 844 tempo.

309 896 381 936 rum
403 898 422 938 a
442 876 565 956 legione
586 873 751 956 digressae,
771 885 869 954 prout
890 872 1103 953 inclinassent,
1123 874 1241 955 grande
1262 896 1337 939 moe

310 1002 449 1052 mentum
470 990 572 1054 sociae
594 1002 649 1053 aut
673 986 832 1054 aduersae.
872 989 1033 1067 Nonium,
1054 990 1246 1070 Duratium,
1265 991 1333 1054 Ro·

310 1108 447 1184 milium,
475 1106 683 1189 Calpurnium
704 1105 920 1185 centuriones,
953 1105 992 1169 de
1015 1108 1131 1191 quibus
1153 1127 1250 1189 supra
1268 1120 1334 1171 ret·

310 1222 449 1298 tuIImus,
471 1219 570 1283 occidi
589 1225 680 1300 jussit
700 1221 865 1284 damnatos
892 1220 966 1284 fidei
987 1221 1127 1299 crimine,
1149 1220 1333 1302 gravmsimo

310 1339 392 1399 inter
412 1335 626 1401 deseisoentes.
667 1357 822 1401 accessere
843 1336 987 1419 partibus
1007 1335 1156 1400 Valerius
1176 1335 1333 1398 Asiaticus

311 1450 448 1531 belgicae
477 1451 657 1532 prouinciae
687 1452 824 1533 legatus,
849 1473 945 1537 quem
967 1473 1045 1515 mox
1071 1451 1217 1515 Vitellius
1239 1473 1334 1532 gene·

312 1589 385 1630 rum
421 1566 566 1646 adscivit,
599 1581 629 1630 et
662 1568 775 1630 Iunius
807 1568 939 1630 Blaesus
973 1564 1177 1646 lugdunensis
1212 1564 1335 1628 Galliae

313 1692 416 1743 rector
441 1701 511 1742 eum
531 1679 635 1743 italica
654 1681 777 1761 legione
802 1692 833 1741 et
860 1682 910 1741 ala
931 1681 1073 1743 Taurina
1093 1678 1243 1759 Lugduni
1264 1691 1336 1741 ten·

314 1791 477 1872 dentibus,
507 1814 564 1855 nee
586 1794 621 1857 in
641 1793 766 1857 raeticIs
788 1791 887 1874 copiis
906 1812 998 1855 mora
1019 1811 1084 1876 quo
1105 1792 1210 1854 minus
1231 1792 1335 1854 statim

315 1908 568 1990 adjungerentur.

232 2038 301 2102 nso
399 2021 449 2085 Ne
471 2021 505 2081 in
528 2018 695 2083 Britannia
715 2019 843 2103 quidem
865 2016 1053 2083 dubitatum.
1075 2031 1135 2082 ete.

235 2152 297 2217 not
399 2134 558 2214 Adiuncto
579 2137 756 2200 britannico
779 2136 921 2198 exercitu
940 2136 1049 2215 ingens
1066 2133 1186 2199 viribus
1206 2132 1338 2214 opibus·

317 2270 378 2333 que
400 2249 549 2314 Vitellius
573 2249 653 2314 duos
678 2239 788 2331 duces,
823 2249 887 2315 dno
916 2250 1028 2314 itinera
1054 2251 1138 2314 bellu
1160 2246 1338 2313 destinarit.

316 2365 433 2431 Fabius
453 2368 571 2431 Valens
595 2369 720 2431 allicere
741 2370 802 2447 vel,
823 2368 851 2430 si
870 2370 1053 2447 abnuerent,
1073 2379 1197 2432 vastare
1218 2366 1338 2428 Gallias

318 2493 347 2542 et
368 2483 510 2544 cottianIs
532 2480 657 2562 alpibus
677 2479 800 2542 Italiam
819 2479 1011 2561 irrumpere,
1032 2478 1167 2542 Caecina
1186 2479 1337 2560 propiore

317 2593 452 2655 transitu
472 2595 596 2675 peninis
618 2594 699 2675 jugis
725 2591 852 2673 degredi
873 2597 987 2671 jussus.
1028 2594 1157 2656 Valenti
1175 2592 1337 2655 inferioris

318 2707 473 2771 exercitus
494 2707 583 2770 electi
604 2728 675 2771 eum
702 2706 808 2789 aquila
837 2704 965 2788 quintae
986 2703 1117 2784 legionis
1141 2716 1173 2767 et
1199 2705 1339 2767 cohorti·
1452 2766 1453 2771 ,

318 2822 379 2884 bus
402 2822 521 2905 alisque
542 2820 583 2883 ad
604 2817 809 2903 quadraginta
832 2820 931 2882 millia
955 2830 1147 2882 armatorum
1168 2817 1259 2882 data:
1280 2817 1338 2882 tri·

318 2934 403 3015 ginta
439 2935 537 2998 millia
574 2932 708 2997 Caecina
740 2954 758 2995 e
793 2933 957 3015 superiore
991 2930 1160 2994 Germania
1193 2929 1338 3002 ducebat,

319 3068 457 3130 quorum
478 3051 578 3108 robur
596 3047 678 3125 legio
701 3067 781 3120 una,
801 3044 1099 3125 primaetuicesima,
1120 3044 1189 3105 fuit.
1231 3044 1339 3107 addita

319 3159 445 3239 utrique
476 3156 711 3219 Germanorum
740 3158 875 3234 auxilia,
906 3178 925 3219 e
953 3157 1070 3238 quibus
1091 3154 1236 3217 Vitellius
1264 3177 1338 3221 suas

319 3282 448 3352 quoque
470 3269 575 3353 copias
595 3267 769 3350 suppleuit,
789 3278 854 3329 tota
875 3268 959 3330 mole
979 3267 1056 3328 belli
1074 3278 1252 3330 secuturus.

237 3395 306 3460 noa
404 3382 488 3446 Mira
519 3383 605 3446 inter
636 3381 808 3445 exercitum
841 3382 1129 3465 imperatoremque
1164 3379 1340 3446 diversitas.

318 3494 434 3558 instare
452 3493 551 3574 miles,
571 3515 658 3559 mma
675 3515 816 3578 poscere,
837 3492 913 3558 dum
933 3493 1053 3558 Galliae
1073 3493 1239 3576 trepident,
1261 3492 1340 3557 dum
1452 3492 1453 3495 ’

318 3609 490 3692 Hispaniae
509 3623 702 3676 cunctentur.
743 3632 810 3675 non
827 3614 951 3674 obstare
971 3611 1108 3674 hiemem
1126 3632 1230 3696 neque
1249 3610 1340 3692 igna-

319 3743 376 3784 vae
397 3724 482 3804 pacis
503 3745 619 3788 moras.
658 3723 869 3790 invadendam
889 3725 1029 3802 ltaliam,
1050 3724 1263 3809 occupandam
1283 3747 1340 3788 ur·

320 3837 402 3899 bem.
450 3839 534 3901 nibil
563 3841 599 3903 in
633 3838 796 3905 discordIis
829 3839 972 3904 civilibus
1005 3839 1204 3904 festinatione
1232 3840 1340 3918 tutius,

322 3953 376 4012 nbi
404 3954 485 4016 facto
514 3955 610 4036 nragis
639 3977 735 4040 quam
767 3957 908 4019 consulto
938 3975 1018 4038 opus
1048 3968 1138 4020 esset.
1179 3956 1340 4043 Torpebat
