2934 4625
229 271 232 275 ·
303 256 347 323 46
644 253 707 323 EX
728 254 984 325 ANNALIBUS

301 452 402 517 aequo
423 431 456 492 in
479 428 589 495 silvam
610 427 695 495 aditu
715 429 891 514 incederet,
912 453 986 515 pars
1006 435 1162 512 objectum
1184 455 1327 516 aggerem

301 546 485 621 eniteretur,
519 521 605 627 qudd
634 540 768 605 arduum
797 545 873 625 sibi,
907 559 1011 609 cetera
1039 546 1146 627 legatis
1173 548 1327 630 permisit.

300 654 424 732 Quibus
445 658 541 737 plana
563 670 735 721 euenerant
758 655 849 719 facile
869 657 1022 740 irrupere,
1045 662 1116 744 quis
1136 663 1326 744 impugnan-

300 769 360 832 dus
381 791 489 851 agger,
517 783 553 833 ut
576 769 603 831 si
623 790 750 831 murum
771 766 990 851 succederent,
1019 774 1166 853 gravibus
1190 796 1327 858 superne

300 883 412 974 ictibus
441 884 708 949 conflictabantur.
765 883 869 948 Sensit
900 885 967 948 dux
997 889 1150 970 imparem
1184 894 1327 955 cominus

300 1023 437 1085 pugnam
463 1001 654 1084 remotisque
676 995 814 1080 ³'paulum
843 1000 1020 1080 legionibus
1040 1004 1215 1069 funditores
1236 1007 1326 1069 libri·

300 1130 447 1199 toresque
468 1130 614 1179 excutere
634 1116 697 1177 teia
714 1128 745 1177 et
764 1118 953 1196 proturbare
975 1119 1097 1182 hostem
1112 1123 1207 1199 iubet
1248 1120 1325 1182 mis·

300 1252 352 1295 sae
374 1252 392 1292 e
412 1230 574 1294 tormentis
595 1229 720 1300 hastae,
742 1240 924 1312 quantoque
946 1231 1108 1314 conspicui
1127 1232 1223 1315 magis
1245 1254 1324 1315 pro·

300 1358 507 1428 pugnatores,
539 1355 627 1406 tanto
655 1342 803 1425 pluribus
832 1345 1018 1409 vulneribus
1040 1347 1159 1427 dejecti.
1198 1349 1324 1412 Primus

302 1479 408 1522 caesar
427 1478 499 1520 cum
515 1457 679 1538 praetoriis
695 1457 877 1520 cohortibus
902 1473 994 1541 capto
1013 1463 1096 1526 vallo
1119 1460 1205 1525 dedit
1223 1464 1326 1546 impe-

300 1585 367 1635 tum
381 1573 415 1634 in
430 1571 541 1635 silvas:
558 1571 670 1633 collato
684 1567 748 1631 illic
761 1566 862 1649 gradu
878 1584 1037 1637 certatum
1067 1576 1190 1640 hostem
1204 1599 1223 1638 a
1237 1590 1325 1657 tergo

299 1688 402 1769 palus,
421 1686 582 1749 Romanos
602 1684 719 1748 flumen
743 1698 797 1748 aut
816 1698 938 1750 montes
959 1686 1162 1752 claudebant:
1183 1689 1325 1773 utrisque

301 1799 464 1865 necessitas
484 1800 518 1861 in
538 1803 625 1878 ioco,
647 1821 717 1882 spes
738 1801 773 1863 in
794 1799 924 1880 virtute,
945 1805 1028 1867 salus
1050 1825 1090 1866 ex
1110 1804 1249 1871 victoria

215 1933 285 1993 zet
384 1914 452 1978 Nec
477 1914 582 1977 utinor
608 1915 775 1978 Germanis
803 1917 944 1993 animus,
975 1916 1029 1980 sed
1058 1940 1170 1999 genere
1198 1940 1323 2002 pugnae

301 2038 332 2089 et
353 2048 513 2090 armorum
534 2031 783 2109 superabantur,
810 2048 910 2110 quum
930 2029 1041 2110 ingens
1060 2031 1228 2095 multitudo
1249 2032 1326 2094 artis

299 2141 376 2205 locis
398 2144 582 2223 praelongas
605 2143 709 2206 hastas
734 2164 800 2206 non
822 2144 1044 2226 protenderet,
1074 2167 1139 2208 non
1158 2149 1326 2226 colligeret,

302 2276 404 2338 neque
427 2256 593 2318 assultibus
616 2268 647 2319 et
666 2257 833 2321 velocitate
855 2278 1025 2341 corporum
1045 2270 1198 2337 uteretur,
1217 2270 1325 2321 coacta

300 2373 413 2435 stabile
436 2369 476 2435 ad
501 2372 668 2453 proelium.
719 2388 829 2438 contra
856 2375 945 2436 miles
974 2376 1026 2438 eui
1053 2387 1175 2439 scutum
1203 2375 1327 2457 pectori

301 2505 485 2567 appressum
515 2497 545 2547 et
570 2486 709 2549 insidens
737 2488 850 2569 capulo
877 2507 990 2549 manus
1014 2490 1095 2551 latos
1116 2491 1327 2553 barbarorum

302 2611 405 2677 artus,
436 2598 521 2662 nuda
544 2619 601 2661 ora
624 2599 745 2663 foderet
771 2599 918 2680 viamque
941 2613 1042 2681 strage
1063 2602 1200 2666 hostium
1224 2601 1326 2685 aperi·

300 2727 360 2792 ret,
380 2715 573 2798 imprompto
593 2718 657 2793 jam
680 2714 825 2777 Arminio
846 2715 888 2775 ob
911 2715 1060 2777 continua
1081 2718 1232 2797 pericula,
1260 2717 1325 2781 sive

300 2828 389 2891 iilum
415 2850 524 2892 recens
550 2842 710 2910 acceptum
736 2829 853 2892 uulnus
881 2823 1070 2892 tardaverat.
1112 2826 1197 2906 Quin
1219 2842 1249 2892 et
1272 2830 1326 2891 In·

300 2944 496 3023 guiomerum
517 2952 583 3005 tota
604 2944 787 3006 volitantem
807 2941 873 3003 acie
892 2940 1021 3003 fortuna
1035 2940 1131 3022 magis
1151 2963 1245 3024 quam
1260 2943 1326 3005 vir-

300 3071 351 3121 tus
371 3057 544 3122 deserebat.
584 3058 624 3118 Et
646 3057 872 3133 Germanicus,
902 3078 967 3138 quo
989 3055 1085 3134 magis
1106 3068 1328 3133 agnosceretur

301 3170 481 3233 detraxerat
499 3169 634 3248 tegimen
657 3170 760 3251 capiti,
783 3170 956 3246 orabatque
972 3165 1153 3225 insisterent
1170 3163 1327 3246 caedibus,

300 3285 347 3348 nil
369 3304 449 3367 opus
468 3283 609 3364 captivis,
629 3284 728 3346 solam
745 3279 991 3344 internecionem
1012 3280 1111 3356 gentis
1129 3278 1223 3341 finem
1240 3284 1326 3345 bello

299 3399 380 3460 iore.
422 3397 553 3480 Jamque
576 3416 647 3458 sero
678 3394 741 3457 diei
767 3392 912 3456 subducit
933 3412 974 3454 cx
1001 3392 1066 3454 acie
1094 3394 1249 3472 legionem
1277 3397 1325 3456 sa·

300 3507 416 3572 ciendis
439 3511 562 3572 castris:
589 3520 708 3571 ceterae
731 3506 772 3568 ad
794 3519 918 3570 noctem
939 3527 1051 3570 cruore
1071 3509 1217 3570 hostium·
1232 3509 1324 3572 satia-

299 3632 349 3684 tae
372 3634 454 3684 sunt.
497 3622 618 3704 equites
641 3621 784 3700 ambigue
808 3633 974 3685 certavere.
1454 3634 1458 3759 q

215 3743 286 3807 ψ
385 3733 535 3796 Laudatis
559 3755 620 3816 pro
648 3737 800 3799 concione
828 3737 996 3798 victoribus
1019 3755 1126 3796 caesar
1147 3735 1324 3814 congeriem

301 3869 461 3912 armorum
492 3852 607 3913 struxit
634 3852 773 3932 superbo
802 3870 872 3912 cum
903 3850 1012 3911 titulo:
1058 3847 1323 3910 DEBELLATIS

300 3964 431 4029 INTER
455 3966 640 4031 RHENUM
663 3963 884 4043 ALBIMQUE
909 3961 1170 4028 NATIONIBUS
1192 3962 1323 4023 EXER-
