2934 4625
499 281 564 350 EX
585 281 822 360 fltstontts
1120 287 1172 356 ⁴89

142 456 254 520 cultus
282 455 414 524 nuntius
445 454 600 522 venientis
634 454 747 528 auxilii
778 468 964 538 penetraret.
1011 459 1173 524 machinas

149 574 329 655 molemque
347 592 480 653 operum
498 571 625 636 Batavis
644 570 781 651 delegat:
801 571 1061 638 Transrhenanos
1078 593 1174 654 proe-

150 684 228 747 lium
256 697 422 767 poscentcs
446 683 487 747 ad
515 682 722 754 scindendum
749 686 868 752 vallum
894 684 942 750 ire
967 684 1173 769 detrusosque

149 800 367 891 redintegrare
402 815 562 868 certamen
593 804 683 880 jubet
714 813 884 884 superante
916 801 1115 871 msdtitudine
1144 816 1175 865 et

150 917 236 980 facili
256 915 384 980 damno.
416 938 484 979 nea
507 916 603 979 finem
622 918 726 984 laburi
747 938 815 982 nox
835 918 949 984 attulit.
1042 954 1046 962 ·

238 1086 399 1166 Congestis
422 1088 538 1150 circum
556 1088 648 1167 lignis
670 1089 870 1172 accensisque
891 1088 984 1151 simul
1006 1088 1176 1168 epulantes,
1189 1092 1258 1157 &2⁹

152 1210 187 1259 ut
209 1198 343 1280 quisque
364 1200 438 1264 vino
460 1199 650 1286 incaluerat,
673 1198 713 1260 ad
737 1222 876 1284 pugnam
896 1201 1069 1279 temeritate
1090 1200 1178 1261 inani

152 1309 345 1374 ferebantur.
395 1316 513 1397 quippe
544 1315 688 1396 ipsorum
720 1316 783 1377 tela
814 1337 873 1396 per
902 1309 1050 1378 tenebras
1077 1337 1178 1379 tanat

152 1422 289 1486 Romani
318 1428 517 1507 conspicuam
544 1428 757 1489 barbarorum
780 1430 895 1510 aciem,
930 1429 1008 1490 etsi
1030 1425 1100 1510 quis
1122 1447 1192 1490 au··

41 1565 44 1569 ·
152 1536 240 1599 dacia
273 1551 326 1600 aut
357 1539 531 1620 insignibus
562 1519 746 1632 effulgensp
769 1539 809 1602 ad
839 1531 935 1603 ictum
970 1539 1178 1601 destinabant.

150 1653 347 1716 Intellectum
376 1654 411 1718 id
439 1655 549 1734 civili,
582 1667 613 1717 et
638 1641 796 1738 restincto
816 1656 887 1738 igne
916 1655 1040 1717 misceri
1057 1649 1179 1715 'cuncta

152 1770 292 1831 tenebris
324 1782 355 1831 et
384 1773 485 1854 armis·
506 1773 605 1849 jubet.
628 1769 630 1772 ’
654 1771 739 1832 Tum
769 1791 845 1832 vero
873 1769 1020 1851 strepitus
1049 1749 1179 1844 dissoni,

153 1903 242 1946 casus
255 1881 383 1974 incerti,
405 1875 508 1967 neque
529 1882 663 1946 feriendi
684 1869 789 1966 neque
812 1868 989 1966 declinandi
1010 1877 1179 1961 providen-

152 1993 206 2056 tia.
254 1992 340 2056 unde
363 1989 657 2059 clamor'acciderat
688 1994 899 2075 circumagere
928 1987 1080 2075 corpora,
1111 2003 1180 2052 ten·

153 2105 228 2170 dere
254 2129 355 2170 arcus.
397 2109 478 2170 nihil
505 2107 654 2191 prodesse
676 2108 790 2187 vitus,
820 2109 1019 2198 forslcuncta
1041 2107 1180 2180 turbare,

153 2231 184 2282 et
205 2209 392 2300 ignatorum
416 2243 507 2302 saepe
536 2222 605 2284 telis
634 2220 798 2284 fortissimi
827 2220 946 2284 cadere.
990 2218 1075 2301 apud
1095 2218 1179 2304 ¹Ger·

153 2311 262 2396 manos
283 2334 463 2396 inconsulta
482 2336 548 2397 ira:
579 2310 730 2397 romanus
753 2337 850 2425 miles
864 2337 1078 2415 periculorum
1103 2356 1178 2412 gna-

149 2462 209 2505 rus
233 2446 365 2506 ferratas
387 2445 497 2519 sudes,
518 2446 626 2523 gravia
648 2466 724 2505 saxa
745 2466 811 2507 non
834 2447 914 2507 forte
938 2446 1081 2522 jaciebat.
1123 2443 1179 2505 ubi

154 2538 278 2622 sonitus
299 2540 495 2622 molientium
522 2573 575 2621 aut
602 2534 764 2640 appositae
787 2560 888 2620 scalae
914 2559 1034 2620 hostem
1056 2557 1090 2617 in
1114 2577 1180 2617 ma·

153 2694 214 2737 nus
244 2670 413 2750 dederant,
443 2650 622 2754 propellere
650 2674 809 2748 umbone,
836 2673 903 2754 pilo
925 2671 1032 2755 sequi:
1066 2670 1181 2731 multos

153 2768 188 2849 in
219 2787 347 2849 moenia
379 2804 518 2864 egressos
549 2785 741 2865 pugionibus
774 2782 892 2849 fodere.
922 2783 997 2846 ‘Sic
1028 2784 1181 2845 exhausta

153 2911 245 2964 nocte
267 2920 383 2963 novam
409 2899 506 2961 aciem
528 2896 595 2960 dies
616 2900 749 2980 aperuit.

194 3138 196 3147 ,
242 3070 430 3137 Eduxerant
461 3071 589 3155 Batavi*
607 3069 718 3132 turrim
747 3065 867 3148 duplici
896 3065 1053 3144 tabulato,
1077 3085 1181 3160 ⁸quatu
1194 3071 1265 3133 4‚3o

152 3190 329 3273 praetoriae
356 3202 466 3271 portae
496 3185 537 3272 (is
560 3185 768 3269 aequissimus
789 3176 892 3265 locus)
914 3181 1182 3264 propinquantem

153 3302 293 3386 promoti
319 3315 428 3366 contra
450 3300 547 3365 validi
569 3320 689 3362 asseres
711 3314 742 3361 et
768 3297 918 3369 incussae·
933 3297 1037 3358 trabes
1061 3294 1182 3375 persae·

153 3437 227 3497 gere
264 3419 363 3487 multa
395 3417 642 3498 superstantium
679 3412 830 3496 pernicie.
880 3419 1115 3505 pugnatumque
1146 3407 1181 3470 in

153 3533 317 3616 perculsos
338 3532 443 3598 subita
470 3545 502 3596 et
520 3551 675 3614 prospera
698 3527 884 3609 eruptione„
920 3524 1022 3589 Simul
1044 3544 1062 3591 a
1084 3523 1182 3603 legio.

153 3646 253 3729 pariis
283 3646 397 3727 peritia
428 3657 458 3721 et
488 3656 556 3725 arte
588 3640 821 3724 praestantibus
849 3640 942 3720 plura
972 3638 1182 3701 suuebantur.

153 3761 362 3843 praecipuum
380 3779 542 3842 pavorem·
553 3732 660 3831 intulit
682 3774 868 3838 suspensum
887 3766 917 3817 et
932 3765 1048 3817 nutam
1064 3752 1182 3819 maeld-

155 3884 357 3953 nomentum,
391 3893 455 3956 quo
487 3882 617 3952 repente
648 3865 783 3949 demisso
809 3877 937 3949 praeter
966 3886 1097 3933 suorum
1125 3885 1180 3929 ora

156 3988 271 4069 singuli
299 3989 444 4072 pluresve
470 3988 613 4067 hoedum
644 3983 779 4053 sublima
797 3981 892 4064 ¹rupti
919 4001 1011 4047 uerso
1039 3976 1180 4059 pondere
