2934 4625
301 252 333 297 lv

301 402 457 476 laborare
491 415 622 473 constet
654 425 765 509 neque
801 400 832 473 ei
865 399 1032 476 medelam
1066 401 1178 478 collati
1212 432 1321 507 nuper

300 531 381 605 libri
406 527 652 631 manuscripti
677 527 801 603 afferre
824 528 1014 622 videantur,
1040 530 1219 636 aliquoties
1239 563 1320 608 con-

301 662 400 737 tineri
426 689 497 735 non
523 660 621 761 potui
643 660 727 762 quin
750 662 915 737 veriorem
942 691 961 737 e
984 665 1179 765 conjectura
1205 664 1321 741 lectio-

300 821 378 867 nem
406 790 580 865 restituere
607 817 759 886 conarer.
816 793 923 867 Notas
957 793 1112 897 adspersi
1146 795 1321 898 pauculas,

300 927 360 1029 qui
401 942 435 999 et
475 941 649 1024 gratanter
688 911 874 1023 agnoscam
908 924 1063 1002 laborem
1097 925 1320 1003 multifariam

300 1056 460 1160 scriptori
478 1055 625 1155 egregio
653 1084 673 1130 a
698 1057 780 1132 viris
808 1055 919 1132 doctis
943 1056 1157 1161 impensum,
1191 1076 1224 1134 et
1248 1086 1321 1133 mo-

298 1188 365 1265 lam
398 1186 679 1276 annotationum,
716 1213 805 1288 quae
840 1185 968 1262 frustra
1001 1186 1145 1287 jactatae
1175 1187 1320 1263 circum-

297 1319 475 1406 seruntur,
505 1314 687 1392 fastidiam.
746 1314 1036 1390 commentarium
1060 1314 1104 1390 de
1129 1317 1320 1391 Istaevoni-

297 1449 375 1537 bus,
400 1444 663 1544 Ingaevonibus‚
687 1443 958 1519 Herminonibus
975 1445 1153 1546 (nimirum
1167 1446 1320 1536 Francis,

297 1575 513 1664 saxonibus,
552 1574 745 1673 Thuringis·
779 1591 935 1675 posterae
973 1576 1108 1676 aetatis)
1145 1575 1320 1680 polliceor,

296 1708 364 1782 nisi
389 1701 704 1803 Wackernagesrus
733 1720 812 1777 ante
837 1731 892 1777 me
923 1704 1039 1779 omnia
1071 1704 1137 1781 ista
1161 1706 1318 1809 expedie-

296 1839 343 1914 rit
368 1833 626 1937 absolveritque.
682 1863 764 1909 nam
796 1835 892 1937 quod
923 1837 1027 1936 vulgo
1061 1836 1101 1912 fit
1132 1836 1318 1912 discrimen

296 1969 450 2071 gentium
470 1965 685 2040 suevicartrm
708 1980 742 2037 et
763 1991 835 2037 non
856 1966 1088 2055 suevinarum,
1113 1966 1161 2041 ita
1179 1994 1319 2069 compa·

296 2116 421 2187 ratum,
445 2113 484 2168 ut
507 2091 868 2195 priscaeGermaniae
891 2095 1050 2170 tenebras
1070 2097 1180 2195 magis
1202 2097 1318 2172 offun-

297 2227 357 2302 dat
385 2253 489 2328 quam
518 2222 630 2325 lucem
660 2221 836 2316 affundat,
870 2253 941 2301 non
973 2227 1177 2302 servandum
1211 2230 1273 2303 sed
1299 2257 1317 2303 e

294 2358 409 2435 medio
426 2356 563 2460 penitus
580 2353 771 2430 tollendum
788 2383 862 2430 esse
879 2384 1011 2432 censeo.
1060 2357 1214 2434 Iudicem
1233 2359 1315 2433 sub-

293 2491 398 2591 jicere
426 2486 537 2561 visum
563 2502 621 2560 est.
1199 2472 1203 2477 x

359 2615 561 2694 Scribebam
586 2613 770 2716 Gottingae
794 2614 846 2692 -15
873 2643 950 2689 nov.
977 2614 1086 2693 1835.
