2934 4625
591 242 826 316 GERMANIA
1201 250 1221 312 t

199 424 378 484 coeuntium
403 422 588 487 absumitur.
629 422 675 487 Ut
694 425 807 486 turbae
825 419 959 505 placuit,
982 422 1147 485 considunt
1172 447 1222 484 ar-

199 537 284 597 mati.
336 536 502 599 Silentium
527 556 586 617 per
612 533 807 612 sacerdotes,
835 536 950 617 quibus
978 548 1043 596 tum
1074 547 1105 596 et
1133 556 1222 596 coer·

199 652 289 714 cendi
326 658 377 730 jus
417 667 480 731 est,
521 655 705 733 imperatur.
763 652 846 714 Mox
885 672 944 714 rex
978 654 1030 716 vel
1066 654 1221 738 princeps,

197 782 294 849 prout
316 782 399 831 aetas
421 770 554 849 cuique,
585 780 682 849 prout
709 768 876 844 nobilitas,
907 781 1003 848 prout
1029 765 1125 828 decus
1155 769 1222 829 bel·
1305 836 1307 838 p

196 884 318 969 lorum,
347 895 444 963 prout
470 880 617 946 facundia
643 895 705 958 est,
740 880 914 946 audiuntur
940 882 1122 944 auctoritate
1150 902 1221 943 sua·

198 995 294 1058 dendi
318 998 415 1077 magis
436 1018 530 1080 quam
553 994 686 1075 jubendi
705 1008 869 1077 potestate.
911 996 939 1058 si
966 995 1124 1077 displicuit
1150 1018 1222 1058 sen-

197 1112 310 1189 tentia,
338 1111 467 1174 fremitu
493 1125 719 1193 aspernanturt
751 1114 801 1174 sin
827 1112 960 1193 placuit,
990 1111 1126 1172 frameas
1145 1131 1221 1172 cou-

196 1227 329 1289 cutiunt.
370 1228 647 1292 honoratissimum
672 1248 817 1294 assensus
843 1248 942 1308 genus
968 1238 1015 1289 est
1037 1225 1222 1288 armiclau-

156 1399 160 1405 .
197 1338 283 1401 dare.
324 1340 415 1402 Licet
436 1339 521 1424 apud
545 1343 712 1406 concilium
739 1363 883 1408 accusare
906 1362 1034 1435 quoque
1061 1355 1092 1403 et
1113 1339 1271 1404 direci-12

197 1473 269 1513 men
291 1454 399 1534 capitis
421 1453 596 1522 intendere.
639 1454 815 1520 Distiuctio'
830 1477 1007 1535 poenarum
1031 1477 1072 1519 ex
1089 1455 1221 1518 delicto:

195 1564 375 1645 proditores
396 1578 426 1626 et
449 1567 625 1645 transfugas
655 1568 822 1632 arboribus
850 1568 1063 1648 suspendunt,
1091 1569 1221 1646 ignavos

197 1690 228 1739 et
247 1679 389 1742 imbelles
409 1690 440 1739 et
462 1699 595 1760 corpore
617 1678 749 1741 infames
772 1698 872 1742 coeno
895 1701 930 1740 ac
951 1678 1085 1761 palude,
1108 1681 1221 1755 injecta

195 1791 327 1873 insuper
348 1804 448 1870 crate,
470 1803 625 1871 mergunt.
670 1790 833 1855 diversitas
856 1792 1001 1873 supplicii
1022 1791 1099 1854 illud
1121 1791 1221 1872 respi-

195 1905 251 1981 cit,
285 1918 435 1988 tanquam
457 1906 574 1969 scelera
596 1904 719 1972 ostendi
740 1918 903 1986 oporteat,
936 1905 1013 1968 dum
1034 1905 1221 1986 puniuntur,

194 2018 310 2099 flagitia
339 2019 499 2084 abscondi.
539 2021 603 2084 Sed
630 2035 661 2083 et
687 2021 863 2085 levioribus
891 2021 1010 2083 delictis
1038 2039 1097 2100 pro
1125 2016 1219 2080 modo

193 2153 314 2211 poena3
341 2154 496 2216 equorum
519 2155 734 2217 pecorumque
757 2155 891 2196 numero
914 2133 1047 2198 convicti
1066 2135 1219 2195 mulctan-

193 2261 256 2309 tur.
298 2268 371 2329 pars
392 2249 525 2311 mulctae
548 2252 615 2331 regi
635 2250 687 2313 vel
709 2250 843 2327 civitati,
872 2271 945 2331 pars
966 2250 1044 2330 ipsi,
1072 2249 1128 2332 qui
1147 2250 1219 2311 vin·

194 2360 332 2441 dicatur,
361 2364 412 2427 vel
440 2362 629 2444 propinquis
657 2368 724 2438 ejus
755 2364 938 2425 exsolvitur.
987 2363 1155 2443 Eliguntur
1186 2363 1219 2423 in

192 2473 304 2538 iisdem
331 2474 470 2537 conciliis
494 2486 526 2534 et
547 2472 722 2553 principes,
752 2474 807 2554 qui
828 2478 899 2550 jura
921 2498 978 2556 per
1003 2495 1098 2555 pagos
1117 2477 1219 2536 vicos·

194 2610 256 2672 que
282 2586 428 2650 reddunt.
472 2587 596 2649 centeui
623 2586 753 2666 singulis
783 2608 824 2647 cx
847 2588 938 2667 plebe
961 2588 1089 2648 comites
1117 2588 1219 2648 consi-

192 2707 271 2766 lium
292 2705 385 2766 simul
406 2715 436 2765 et
457 2701 623 2767 auctoritas
646 2700 769 2763 adsunt.

277 2818 367 2881 Nihil
386 2829 489 2881 autem
514 2839 617 2900 neque
636 2818 781 2900 publicae
802 2838 906 2899 neque
927 2817 1068 2896 privatae
1090 2814 1138 2874 rei
1158 2813 1218 2872 nisi
1234 2832 1266 2878 13

194 2934 305 2995 armati
327 2944 431 3013 agunt.
473 2931 530 2995 sed
549 2955 636 2994 arma
657 2952 781 2997 sumere
803 2954 869 2995 non
892 2944 963 2994 ante
982 2931 1127 3011 cuiquam
1149 2948 1218 2989 mo·

192 3050 251 3124 ris,
279 3069 372 3131 quam
395 3049 502 3112 civitas
523 3050 729 3113 suffecturum
754 3049 946 3130 probaverit.
988 3048 1072 3107 Tum
1093 3046 1126 3106 in
1147 3047 1217 3124 ipso

192 3165 324 3225 concilio
345 3165 396 3225 vel
419 3162 598 3244 principum
625 3163 738 3244 aliquis
762 3163 813 3226 vel
833 3174 925 3243 pater
945 3163 997 3224 vel
1017 3159 1217 3240 propinquus

191 3292 279 3341 scuto
303 3280 483 3360 frameaque
504 3283 651 3355 juvenem
674 3291 804 3356 ornant3
835 3280 911 3340 haec
934 3274 1020 3357 apud
1039 3277 1111 3337 illos
1136 3289 1218 3370 toga,

193 3391 243 3451 hic
264 3393 383 3472 primus
402 3396 549 3469 juventae
570 3394 693 3454 honos:
716 3405 788 3454 ante
807 3393 867 3454 hoc
884 3389 995 3453 domus
1012 3411 1086 3472 pars
1107 3388 1218 3455 videu-

192 3518 259 3583 tur,
286 3526 363 3568 mox
386 3507 588 3587 reipubllcae.
630 3507 763 3586 Insignis
785 3507 931 3569 nobilitas
953 3518 1008 3568 aut
1028 3527 1141 3585 magna
1161 3527 1217 3585 pa·

192 3635 277 3683 trum
305 3619 417 3680 merita
441 3621 591 3701 principis
623 3615 836 3698 dignationem
860 3619 954 3680 etiam
980 3618 1217 3681 adolescentulis

193 3737 368 3815 assignant3
395 3732 506 3794 ceteris
534 3732 765 3794 robustioribus
787 3753 822 3795 ac
847 3737 909 3810 jam
931 3730 1055 3812 pridem
1075 3730 1216 3813 probatis

193 3828 415 3928 aggregantur,
447 3865 504 3906 nec
535 3846 637 3907 rubor
668 3845 752 3907 inter
784 3847 911 3908 comites
945 3844 1050 3925 aspici.
1101 3842 1215 3922 gradus

194 3961 271 4044 quin
303 3963 396 4024 etiam
427 3957 494 4040 ipse
527 3957 690 4023 comitatus
723 3960 818 4023 habet
850 3957 965 4040 judicio
1001 3962 1082 4035 ejus,
1122 3975 1216 4036 quem
