2934 4625
540 266 772 333 uuthNtt
1129 274 1166 337 17

151 444 296 520 anulum,
322 442 564 523 ignominiosum
586 441 620 505 id
642 444 744 523 genti,
773 445 858 506 velut
882 444 1042 507 vinculum
1064 457 1169 525 gestat,

149 555 249 619 donec
269 577 302 620 se
324 554 417 618 caede
436 556 532 619 hostis
554 558 704 618 absolvat.
747 557 891 637 plurimis
914 556 1096 619 Chattorum
1120 558 1170 617 hic

147 671 249 751 placet
270 670 406 749 habitus,
425 674 550 753 jamque
572 683 684 734 canent
706 672 843 752 insignes
864 684 895 734 et
917 674 1059 734 hostibus
1079 671 1172 733 simul

148 785 276 866 suisque
300 788 473 849 monstrati.
515 790 656 849 omnium
677 808 775 869 penes
797 789 856 850 hos
876 788 966 848 initia
984 809 1172 868 pugnarum,

149 901 227 963 haec
250 902 352 983 prima
375 924 500 985 semper
520 905 618 982 acies,
648 904 717 969 visu
744 926 837 968 nova.
878 926 951 967 nam
979 925 1020 966 ne
1041 904 1074 964 in
1097 924 1183 985 pace¹

90 1041 92 1046 s
150 1015 279 1097 quidem
309 1018 400 1080 vultu
429 1019 554 1080 mitiore
582 1032 815 1082 mansuescunt.
865 1018 954 1081 Nulli
980 1016 1092 1081 domus
1122 1030 1176 1078 aru

151 1151 226 1210 ager
254 1144 308 1192 aut
333 1132 438 1215 aliqua
467 1155 559 1213 cura3
587 1147 684 1216 prout
705 1133 744 1197 ad
767 1155 925 1218 quemque
947 1156 1062 1198 venere
1085 1136 1175 1195 alun-

151 1255 223 1322 tur,
251 1244 376 1327 prodigi
398 1246 507 1323 alieni,
538 1259 770 1330 contemptores
797 1248 863 1326 sui,
891 1246 991 1310 donec
1013 1247 1177 1328 exsanguis

154 1371 297 1421 senectus
322 1372 386 1421 tam
408 1356 505 1420 durae
525 1359 637 1422 virtuti
660 1361 798 1442 impares
820 1362 923 1423 faciat.

238 1472 381 1548 Proximi
403 1472 523 1534 Chattis
547 1486 665 1534 certum
687 1478 748 1549 jam
772 1475 860 1539 alveo
883 1474 1038 1551 Rhenum,
1061 1473 1178 1556 quique
1191 1487 1227 1536 32

154 1589 307 1650 terminus
330 1606 395 1649 esse
418 1588 566 1664 sufficiat,
592 1589 684 1667 Usipi
706 1611 742 1648 ac
764 1590 912 1651 Tencteri
934 1591 1052 1651 colunt.
1094 1590 1178 1651 Ten·

156 1702 241 1778 cteri,
263 1720 368 1781 super*
380 1700 506 1761 solitum
524 1703 678 1761 bellorum
699 1699 803 1778 decus,
828 1701 981 1783 equestris
1000 1698 1179 1781 disciplinae

157 1826 223 1876 arte
244 1816 454 1897 praecellunt:
482 1834 539 1875 nec
566 1819 666 1893 maj0r
693 1812 778 1895 apud
801 1812 929 1877 Chattos
950 1810 1089 1894 peditum
1113 1814 1180 1873 laus

158 1948 252 2009 quam
271 1926 432 1990 Tencteris
451 1927 601 2010 equitum.
644 1926 695 1989 Sic
716 1928 879 1990 instituere
900 1933 1043 2003 majores,
1064 1925 1183 2008 posteri

157 2040 328 2106 imitantur.
371 2043 407 2104 hi
428 2044 516 2105 lusus
538 2043 715 2120 infantium,
736 2045 813 2104 haec
833 2048 986 2122 juvenum
1007 2044 1184 2120 aemulatio,

158 2171 361 2239 perseverant
389 2179 488 2222 senes.
537 2160 623 2221 Inter
651 2159 802 2221 familiam
835 2171 866 2221 et
893 2169 1023 2239 penates
1056 2169 1086 2218 et
1114 2161 1182 2234 jura

159 2272 389 2337 successionum
420 2276 493 2357 equi
516 2272 702 2337 traduntur:
732 2274 849 2354 excipit
875 2272 958 2335 filius
986 2293 1049 2335 non
1078 2283 1112 2333 ut
1133 2293 1182 2353 ce7

158 2398 227 2448 tera
247 2387 401 2449 maximus
423 2400 512 2462 natu,
533 2386 586 2449 sed
610 2399 705 2468 prout
727 2388 821 2448 ferox
842 2387 926 2448 bello
948 2398 978 2446 et
1001 2387 1124 2447 melior.

244 2500 339 2559 Juxta
366 2501 535 2561 Tencteros
564 2502 709 2560 Bructeri
739 2500 815 2561 olim
843 2501 1066 2576 occurrebant3
1099 2521 1183 2560 nunc
1198 2515 1232 2562 33

162 2611 337 2675 Chamavos
366 2624 396 2673 et
429 2612 632 2691 Angrivarios
663 2611 855 2691 immigrasse
888 2622 1052 2688 narratur,
1086 2612 1184 2690 pulsis

162 2727 321 2788 Bructeris
350 2748 385 2788 ac
408 2725 538 2806 'penitus
570 2725 681 2784 excisis
703 2723 878 2786 vicinarum
906 2742 1060 2784 consensu
1083 2723 1186 2783 natio-

163 2863 257 2916 num,
289 2863 346 2903 ceu
367 2840 534 2920 superbiae
557 2838 647 2916 odio,
682 2859 736 2899 seu
759 2836 895 2931 praedae
917 2835 1099 2916 dulcedine,
1131 2859 1185 2900 seu

164 2956 272 3018 favore
302 2952 438 3035 quodam
466 2974 539 3031 erga
567 2972 625 3013 nos
654 2951 797 3014 deorum.
840 2974 913 3014 nam
941 2973 980 3013 ne
1011 2953 1186 3034 spectaculo

166 3062 294 3148 quidem
314 3063 429 3143 proelii
449 3059 608 3124 invideret
630 3081 725 3142 super
746 3061 905 3139 sexaginta
930 3059 1028 3120 millia
1050 3079 1113 3120 non
1136 3077 1187 3118 ar-

165 3178 224 3239 mis
244 3177 377 3258 telisque
399 3178 555 3253 romanis,
576 3175 647 3254 sed,
667 3173 753 3258 quod
776 3175 1021 3254 magnificentius
1044 3186 1106 3249 est,
1131 3174 1188 3235 ob-

165 3290 324 3354 lectationi
354 3292 515 3373 oculisque
545 3289 734 3354 ceciderunt.
782 3293 910 3352 Maneat
937 3310 1053 3372 quaeso
1083 3287 1189 3352 duret·

169 3428 230 3488 que
252 3409 411 3486 gentibus,
446 3408 473 3468 si
494 3427 559 3468 non
581 3428 669 3469 amor
693 3408 811 3484 nostri,
843 3419 875 3468 at
896 3418 978 3469 certe
999 3403 1107 3469 odium
1131 3407 1191 3483 sui,

171 3516 297 3599 quando
324 3520 357 3580 in
387 3520 571 3598 urgentibus
599 3518 724 3599 imperii
748 3518 820 3579 satis
847 3519 927 3579 nihil
946 3523 1008 3595 jam
1030 3530 1190 3599 praestare

169 3632 299 3701 fortuna
318 3637 418 3711 majus
439 3646 551 3713 potest,
578 3654 671 3715 quam
693 3633 831 3694 hostium
851 3630 1048 3694 discordiam.

257 3749 460 3829 Angrivarios
482 3763 512 3811 et
535 3748 711 3811 Chamavos
733 3771 752 3809 a
771 3762 858 3828 tergo
876 3745 1042 3827 Dulgibini
1063 3761 1093 3811 et
1110 3747 1192 3811 Cha·
1204 3767 1240 3816 st

173 3866 269 3930 suarii
292 3863 422 3927 cludunt
440 3867 581 3947 aliaeque
601 3877 718 3945 gentes,
740 3863 825 3927 haud
842 3862 974 3947 perinde
993 3870 1193 3927 memoratae.

174 4002 191 4041 a
215 3982 317 4044 fronte
340 3980 434 4045 Frisii
456 3981 626 4062 excipiunt.
669 3983 842 4061 majoribus
866 3981 1105 4062 minoribusque
1125 3980 1193 4041 Fri-

916 4103 933 4138 ¹)
