2934 4625
488 239 549 306 EX
574 238 810 307 HISTORIIS
1119 239 1161 305 st

137 436 318 488 romanam,
350 425 383 474 nt
412 411 561 478 Treveris
589 410 683 475 etiam
711 409 971 496 Lingonibusque
1003 409 1162 493 despectui

139 532 189 594 sit.
232 548 394 611 superesse
414 526 492 592 fidas
512 527 710 611 provincias,
741 526 874 591 victores
896 528 1070 605 exercitus,
1097 528 1164 590 for·

139 660 248 707 tunam
274 641 400 725 imperii
422 653 453 704 et
474 643 592 705 ultores
616 639 702 703 deos.
748 640 792 702 sic
814 640 890 704 olim
911 638 1111 703 Sacrovirum
1132 653 1164 703 et

141 755 284 831 Aeduos,
317 776 421 837 nuper
454 751 622 818 Vindicem
654 751 838 837 Galliasque
873 750 1004 832 singulis
1036 752 1164 835 proeliis

142 868 326 933 concidisse.
367 865 478 930 eadem
497 885 610 929 rursus
630 865 782 943 numina,
805 862 914 928 eadem
937 866 1001 929 fara
1020 878 1165 947 ruptores

141 984 309 1050 foederum
328 994 557 1066 exspectarent.
602 980 715 1046 melius
737 979 812 1048 divo
831 981 916 1044 lulio
938 979 1075 1064 divoque
1099 983 1166 1044 Au·

142 1112 233 1181 gusto
255 1109 348 1160 notos
372 1116 484 1159 eorum
502 1094 643 1162 animos-2
675 1093 809 1158 Galbam
831 1106 862 1156 et
888 1092 1023 1158 infracta
1050 1094 1167 1159 tributa

142 1211 270 1276 hostiles
295 1210 423 1291 spiritus
443 1207 594 1272 induisse.
636 1229 722 1271 nunc
743 1209 865 1287 hostes,
888 1208 964 1293 quia
985 1209 1080 1273 molle
1102 1231 1167 1273 aar·

143 1328 270 1405 vitium,
304 1346 402 1411 quum
430 1324 556 1406 spoliati
584 1324 735 1407 exutique
765 1324 902 1404 luerint,
934 1327 1052 1390 amicos
1079 1327 1168 1396 lore!

144 1446 231 1507 Haec
263 1442 411 1508 ferociter
440 1441 565 1503 Iocutus
598 1451 768 1523 postquam
797 1452 938 1522 perstare
966 1441 1002 1503 in
1036 1440 1168 1524 perfidia

145 1555 314 1621 Classicum
343 1556 558 1636 Tutoremque
588 1551 691 1629 uidet,
725 1570 820 1616 verso
849 1553 963 1617 itinere
993 1554 1168 1618 Naresinm

145 1670 297 1737 concedit.
340 1668 425 1736 Galli
445 1668 544 1732 duum
565 1668 699 1733 millium
721 1667 824 1749 spatio
845 1666 1031 1735 distantibus
1051 1673 1169 1752 campis

145 1782 325 1849 consedere.
366 1785 442 1847 illuc
464 1783 707 1848 commeantium
726 1782 949 1848 centurionum
970 1785 1169 1869 militumque

147 1903 332 1963 emebantur
362 1899 476 1978 animi,
516 1914 552 1963 ut
583 1896 748 1983 (flagitium
779 1897 987 1983 incognitum)
1020 1923 1170 1966 romanus

148 2015 305 2077 exercitus
325 2012 360 2074 in
382 2024 512 2075 externa
532 2013 631 2077 verba
649 2016 794 2091 iurarent
809 2014 987 2097 pignusque
1005 2015 1086 2079 tanti
1104 2036 1171 2080 sce·

146 2131 221 2193 leris
236 2151 312 2192 nece
331 2143 385 2191 aut
399 2127 531 2192 vinculis
550 2127 727 2209 legatorum
741 2126 881 2191 daretur.
922 2130 1056 2204 Vocula,
1071 2152 1172 2214 quan·
1264 2192 1277 2206 ,

150 2221 246 2326 quam
264 2243 407 2325 plerique
428 2244 533 2322 lugam
554 2240 739 2320 suadebant,
759 2241 940 2307 audendum
957 2257 1044 2309 ratus
1064 2260 1171 2313 vocata

149 2356 301 2418 concione
321 2354 355 2415 in
376 2356 462 2416 hunc
484 2352 615 2416 modum
637 2354 793 2418 disseruit.

235 2467 416 2549 ‘Nunquam
438 2461 522 2547 apud
548 2483 607 2526 vos
633 2467 730 2529 verba
752 2461 813 2527 feci
833 2476 888 2528 aut
912 2484 973 2547 pro
996 2467 1089 2532 tobis
1110 2469 1173 2531 sol·
1185 2500 1258 2562 4⁹53

148 2582 264 2647 licitior
284 2595 339 2644 aut
361 2601 421 2664 pro
444 2600 494 2641 me
515 2579 665 2643 securior.
707 2600 783 2642 nam
808 2579 887 2642 mihi
912 2580 1044 2645 exitium
1067 2584 1174 2665 parari

148 2701 250 2762 libens
273 2696 368 2760 audio
389 2708 586 2778 mortemque
609 2693 644 2756 in
661 2705 708 2757 tot
727 2695 817 2759 malis
840 2695 1012 2778 hospitium
1031 2709 1062 2761 et
1078 2696 1174 2760 finem

149 2813 347 2877 miseriarum
368 2822 527 2893 exspecto.
576 2808 672 2875 vestri
692 2831 743 2871 me
763 2806 862 2891 pudet
882 2809 1089 2894 miseretque,
1119 2808 1175 2872 ad·

150 2946 259 2990 versus
281 2945 362 3009 quos
384 2945 449 2987 non
477 2924 634 3007 proelium
663 2936 696 2986 et
723 2924 806 2988 acies
834 2935 989 3006 parantur
1016 2921 1062 3009 (id
1090 2924 1174 2986 enim

150 3041 197 3103 fas
223 3060 384 3130 armcrum
410 3051 441 3102 et
465 3045 515 3118 jus
543 3040 680 3103 hostium
709 3035 786 3123 est),
816 3040 935 3102 bellum
962 3061 1034 3103 cum
1054 3041 1175 3123 populo

150 3176 284 3220 romano
313 3153 426 3218 restris
458 3175 492 3216 se
519 3154 666 3217 manibus
693 3165 855 3234 gesturum
886 3152 1041 3217 Classicus
1070 3167 1176 3236 sperat

150 3269 382 3351 imperiumque
404 3280 436 3330 et
462 3283 690 3333 sacramentum
712 3269 887 3332 Galliarum
907 3279 1052 3333 ostentat.
1094 3269 1173 3333 adeo

152 3399 229 3456 nos,
257 3378 285 3442 si
310 3380 439 3441 fortuna
466 3380 502 3441 in
527 3402 674 3462 praeseus
703 3381 876 3465 virtusque,
894 3378 1051 3462 deseruit,
1081 3381 1174 3446 etiam
1254 3459 1256 3463 ι

152 3502 260 3556 vetera
287 3492 432 3572 exempla
460 3490 629 3555 deficiunt?
679 3493 825 3576 quotiens
856 3514 1006 3559 romanae
1037 3493 1176 3578 legiones

152 3607 259 3688 perire
281 3606 538 3687 praeoptaverint
560 3629 601 3670 ne
627 3609 698 3671 loco
723 3606 940 3691 pellerentur?
981 3611 1059 3676 socii
1084 3634 1178 3696 saepe

153 3719 255 3782 nostri
276 3715 420 3780 exscindi
450 3719 544 3783 urbes
575 3739 647 3783 suas
668 3739 765 3805 sequa
786 3743 859 3786 cum
880 3725 1063 3806 conjugibus
1084 3747 1120 3790 ac
1140 3728 1179 3787 li-

152 3834 237 3896 beris
263 3833 397 3927 cremari
420 3834 635 3915 pertulerunt,
666 3857 771 3920 neque
800 3834 886 3901 aliud
911 3837 1048 3919 pretium
1078 3839 1179 3900 exitus

154 3970 247 4033 quam
278 3948 354 4014 fides
384 3950 542 4036 famaque.
592 3951 744 4016 Tolerant
774 3974 846 4018 cum
874 3956 1010 4019 maxime
1040 3955 1180 4036 inopiam

872 4077 890 4132 7
