2934 4625
581 274 817 345 utrumnum
1186 281 1207 344 5

185 452 267 516 dinis
289 453 523 517 incitamentum
548 466 611 531 est,
646 475 713 518 non
735 474 824 517 casus
847 475 904 518 nee
927 453 1058 517 fortuita
1082 457 1207 535 conglo-

183 570 269 631 batio
291 582 425 631 turmam
448 583 503 631 ant
524 590 658 631 cuneum
680 571 763 648 lacit,
786 567 842 631 scd
862 569 999 631 familiae
1022 581 1053 630 et
1074 568 1206 649 propiu-

183 685 316 765 quitates
339 697 370 745 et
390 685 422 745 iu
445 684 594 765 proximo
614 683 765 766 pignora,
788 682 873 746 unde
895 683 1083 745 sentinarum
1105 683 1206 743 ulula·

181 809 231 858 tus
255 797 372 874 audiri,
400 796 485 858 stude
509 799 629 877 vagitus
653 797 833 862 infantium.
885 798 920 860 hi
943 798 1056 881 cuique
1077 799 1206 861 sanctis·

181 910 252 971 simi
272 922 380 987 testes,
411 910 446 970 hi
468 911 596 970 maximi
616 908 807 974 laudatores.
851 908 891 972 ad
913 923 1045 988 matres,
1067 907 1108 971 ad
1130 930 1206 972 con·

179 1027 266 1102 juges
296 1026 427 1087 vulnera
457 1025 580 1103 ferunt3
612 1044 669 1088 nec
698 1025 772 1085 illae
801 1045 969 1086 numerare
996 1035 1052 1085 aut
1081 1025 1204 1104 exigere

180 1140 285 1221 plagas
302 1152 426 1220 pavent,
443 1140 592 1223 cibosque
609 1151 640 1202 et
654 1140 834 1203 hortamina
848 1140 1063 1223 pugnantibus
1076 1152 1206 1221 gestant.

263 1255 437 1317 Memoriae
465 1252 627 1335 proditur,
661 1256 815 1339 quasdam
843 1256 924 1320 acies
953 1256 1116 1321 inclinatas
1141 1261 1237 1335 jains

180 1382 209 1432 et
239 1371 382 1432 labantes
412 1392 430 1432 a
461 1370 584 1433 feminis
620 1373 779 1435 restitutas
813 1373 988 1436 constantia
1016 1392 1146 1456 precum
1174 1382 1205 1432 et

179 1487 301 1561 objectu
321 1498 483 1566 pectorum
499 1498 530 1546 et
545 1497 718 1547 monstrata
733 1487 876 1549 cominus
899 1484 1086 1567 captivitate,
1108 1505 1203 1568 quam

177 1600 271 1676 lenge
301 1598 513 1678 impatientius
544 1599 731 1660 {aminarum
763 1621 892 1662 suarum
924 1600 1053 1659 nomine
1083 1597 1203 1674 timent,

179 1706 257 1771 adeo
276 1722 312 1769 ut
333 1707 487 1770 efficacius
509 1710 687 1788 obligentur
708 1710 806 1773 animi
827 1710 996 1788 civitatum,
1020 1709 1137 1793 quibus
1155 1710 1203 1769 in·

177 1834 225 1883 ter
248 1820 372 1885 obsides
401 1824 523 1903 puellae
553 1842 681 1905 quoque
703 1823 826 1886 nobiles
846 1823 1053 1905 imperantur.
1096 1824 1202 1885 inesse

171 1933 257 2016 -quin
286 1935 379 1996 etiam
410 1948 553 1997 sanctum
583 1935 702 2018 aliquid
735 1949 766 1997 et
792 1937 961 2018 providum
984 1949 1115 2019 putant,
1144 1957 1202 2020 nec

177 2062 231 2110 aut
252 2050 383 2111 consilia
404 2069 513 2111 earum
539 2063 752 2132 aspernantur
780 2062 835 2112 aut
859 2070 1012 2133 responsa
1033 2049 1202 2130 negligunt.

175 2162 321 2225 Vidimus
352 2164 411 2226 sub
439 2162 512 2226 divo
537 2164 733 2246 Vespasiano
756 2162 909 2227 Veledam
937 2163 992 2226 diu
1021 2161 1106 2246 apud
1133 2165 1200 2245 ple·

175 2295 290 2359 rosque
313 2276 452 2339 numinis
474 2278 546 2339 loco
565 2277 714 2339 habitam.
756 2274 812 2339 sed
834 2288 865 2340 et
887 2279 963 2341 olim
983 2277 1147 2340 Auriniam
1170 2288 1202 2340 et

176 2394 353 2474 complures
377 2393 453 2455 alias
478 2393 619 2457 venerati
642 2402 716 2452 sum
739 2412 806 2454 non
827 2391 1024 2472 adulatione,
1053 2415 1112 2455 nec
1132 2406 1201 2455 tan·

178 2528 273 2592 qoam
294 2508 433 2569 iacerent
459 2503 541 2567 deas.

259 2624 405 2685 Deorum
424 2621 558 2683 maxime
580 2621 774 2683 Mercurium
800 2623 925 2697 colunt,
947 2620 998 2682 cui
1023 2623 1113 2683 certis
1135 2620 1230 2689 die-s

175 2738 235 2797 bus
256 2736 402 2796 humanis
427 2755 556 2818 qnoque
583 2735 694 2795 hostiis
722 2735 812 2794 litare
837 2735 884 2796 las
903 2735 1031 2799 habent.
1078 2735 1200 2795 Hercu·

174 2850 237 2911 lem
259 2870 294 2912 ac
309 2849 444 2910 Martem
465 2850 618 2910 concessis
640 2847 828 2911 animalibus
848 2851 983 2931 placant.
1024 2849 1100 2911 Pars
1121 2846 1200 2909 Sue·

174 2984 287 3026 vorum
310 2975 339 3025 et
359 2962 435 3025 Isidi
455 2960 615 3024 sacrificat.
658 2959 743 3022 uude
766 2982 857 3023 causa
878 2974 909 3023 et
927 2961 1015 3041 origo
1031 2959 1196 3043 peregrino

174 3097 262 3139 sacro
284 3097 396 3157 parum
422 3072 578 3155 comperi,
611 3074 671 3136 nisi
692 3072 778 3157 quod
801 3075 924 3154 signnm
944 3075 1048 3157 ipsum
1070 3075 1105 3136 in
1128 3088 1202 3136 moa

174 3190 248 3252 dum
283 3193 427 3254 liburnae
464 3189 632 3269 figuratum
672 3189 764 3252 docet
804 3189 964 3252 advectam
1001 3189 1196 3270 religionem.

173 3306 321 3370 Ceterum
347 3327 404 3367 nec
426 3306 573 3367 cohibere
600 3305 772 3387 parietibus
797 3303 888 3381 deos,
919 3324 1024 3386 neque
1043 3304 1078 3365 in
1100 3305 1195 3366 ullam

173 3421 305 3481 humani
334 3422 398 3482 oris
426 3420 561 3499 speciem
591 3418 762 3480 assimilare
792 3437 833 3478 ex
860 3415 1073 3496 magnitudine
1095 3418 1196 3481 coele·

173 3532 268 3594 stium
292 3532 494 3594 arbitrantur.
535 3531 640 3595 Lucos
672 3555 707 3596 ac
736 3553 868 3596 nemora
896 3544 1096 3610 consecrant,
1120 3532 1197 3596 deo·

173 3666 308 3729 rumque
336 3647 518 3708 nominibus
542 3649 700 3729 appellant
721 3660 875 3711 secretum
896 3644 993 3725 illud,
1023 3645 1109 3729 quod
1130 3650 1195 3709 sola

173 3760 351 3825 reverentia
371 3757 488 3823 vident.

259 3873 407 3956 Auspicia
427 3883 589 3954 sortesque
612 3881 647 3931 ut
667 3871 722 3951 qui
742 3873 878 3934 maxime
897 3873 1078 3935 observant.
1121 3868 1245 3935 Sor-10

173 3988 252 4052 tium
274 3987 467 4052 consuetudo
495 3985 648 4068 simplex:
679 3983 797 4064 virgam
820 3985 988 4065 frugiferas
1013 3981 1119 4046 arbori
1142 3980 1195 4040 de-
