2934 4625
563 312 799 384 Genusum
1167 320 1190 385 9

171 502 200 552 et
221 485 432 552 infirmissimo
453 487 567 574 cuique
589 510 629 551 ex
651 488 780 552 familia.
821 489 887 573 Ipsi
904 491 1022 554 hebent
1041 491 1121 554 mira
1142 488 1190 554 di·

168 607 315 669 versitate
335 619 483 683 naturae,
513 627 612 688 quum
628 604 723 668 iidem
744 607 888 670 homines
914 607 958 670 sic
980 621 1084 670 ament
1106 608 1190 670 iner-

168 722 244 783 tiam
274 735 306 785 et
333 720 457 785 oderint
489 722 636 803 quietem.
683 722 758 784 Mos
779 733 826 785 est
848 722 1025 786 civitatibus
1047 725 1131 786 ultro
1155 745 1191 786 ac

168 838 286 902 viritim
308 839 452 903 conferre
471 831 665 919 principibus
683 840 735 901 vel
755 851 969 901 armentorum
986 840 1037 903 vel
1054 840 1191 920 frugum,

170 950 258 1036 quod
273 973 332 1034 pro
348 951 471 1014 honore
490 964 651 1033 acceptum
670 953 763 1015 etiam
779 954 1013 1018 necessitatibus
1034 956 1192 1020 subvenit.

169 1064 306 1147 gaudent
324 1068 491 1148 praecipue
511 1065 714 1131 finitimarum
734 1070 872 1149 gentium
895 1067 1000 1147 donis,
1022 1089 1104 1150 quae
1124 1089 1191 1131 non

72 1173 73 1177 ¹
168 1179 263 1243 modo
294 1203 313 1242 a
343 1181 489 1261 singulis,
523 1180 579 1243 sed
609 1182 734 1263 publice
766 1182 950 1258 mittuntur,
984 1183 1074 1244 electi
1105 1182 1192 1266 equi,

169 1316 281 1374 magna
309 1316 412 1371 arma,
446 1295 593 1375 phalerae
621 1307 825 1378 torquesque.
867 1296 936 1357 Jam
967 1307 998 1357 et
1025 1295 1191 1378 pecuniam

168 1408 309 1493 accipere
331 1406 506 1471 docuimus.

248 1520 360 1583 Nullas
379 1521 610 1584 Germanorum
628 1521 754 1603 populis
773 1524 868 1585 urbes
888 1522 1023 1584 habitari
1040 1522 1114 1585 satis
1132 1542 1191 1585 no·
1207 1532 1242 1582 lo

168 1647 238 1696 tum
256 1646 321 1713 est3
343 1655 382 1694 ne
404 1634 470 1714 pati
492 1633 620 1716 quidem
640 1635 724 1696 inter
745 1655 778 1696 se
798 1639 920 1711 junctas
941 1634 1041 1697 sedes.
1084 1637 1192 1698 colunt

169 1747 294 1810 discreti
313 1769 349 1809 ac
369 1745 493 1824 diversi,
515 1758 549 1808 ut
565 1747 647 1825 fons,
667 1758 702 1808 ut
724 1769 860 1830 campus,
881 1759 917 1808 ut
937 1769 1048 1810 nemus
1063 1748 1192 1830 placuit.

169 1862 265 1923 Vicos
294 1864 417 1933 locant,
446 1881 512 1922 non
539 1859 574 1921 in
603 1873 748 1924 nostrum
769 1882 891 1923 morem
913 1862 1063 1924 connexis
1085 1874 1117 1923 et
1138 1881 1191 1923 co·

167 1975 370 2035 haerentibus
398 1972 560 2038 aediliciiss
590 1994 679 2036 suam
703 1975 837 2058 quisque
858 1974 987 2038 domum
1008 1974 1109 2057 spatio
1130 1975 1192 2037 cir·

167 2088 303 2164 cumdat,
329 2089 395 2150 sive
417 2085 566 2149 adversus
587 2107 677 2149 casus
697 2087 778 2167 ignis
799 2086 983 2165 remedium,
1011 2089 1076 2151 sive
1098 2086 1192 2149 insci·

167 2201 209 2264 tia
228 2198 421 2263 aedificandi.
461 2199 510 2262 Ne
532 2212 765 2263 caementorum
787 2198 916 2283 quidem
936 2198 1020 2282 apud
1043 2201 1115 2263 illos
1137 2214 1191 2262 aut

167 2319 342 2396 tegularum
364 2337 458 2378 usus:
487 2315 617 2376 materia
645 2313 686 2375 ad
713 2316 821 2377 omnia
848 2328 981 2376 utuntur
1005 2313 1134 2376 informi
1159 2324 1191 2375 et

168 2432 244 2496 citra
267 2433 401 2513 speciem
426 2442 479 2492 aut
501 2430 749 2493 delectationem.
792 2427 946 2513 quaedam
970 2431 1041 2492 loca
1061 2429 1192 2510 diligen·
1227 2502 1238 2517 κ

167 2545 229 2608 tius
252 2546 381 2608 illinunt
401 2557 487 2607 terra
507 2547 551 2607 ita
574 2568 656 2629 pura
676 2568 712 2608 ac
740 2544 942 2628 splendente,
975 2557 1008 2606 ut
1036 2545 1190 2626 picturam

168 2681 203 2722 ac
221 2660 410 2721 lineamenta
430 2661 572 2722 colorum
591 2660 743 2722 imitetur.
786 2658 897 2723 Solent
917 2671 948 2721 et
969 2661 1192 2722 subterraneos

167 2797 278 2858 specus
298 2775 423 2857 aperire
444 2795 562 2857 eosque
585 2777 684 2838 multo
706 2775 838 2858 insuper
857 2775 931 2838 iimo
954 2787 1103 2852 onerant,
1125 2775 1192 2837 sul·

168 2893 290 2972 fugium
314 2891 413 2952 hiemi
441 2903 472 2952 et
499 2892 730 2970 receptaculum
759 2891 918 2970 frugibus:
951 2891 1027 2972 quia
1053 2889 1191 2968 rigorem

168 3006 321 3085 frigorum
351 3002 503 3080 ejusmodi
531 3005 608 3065 locis
637 3004 801 3081 molliunt,
832 3016 863 3065 et
886 3004 913 3066 si
937 2999 1065 3087 quando
1092 3001 1192 3064 hostis

167 3119 309 3200 advenit,
339 3132 449 3203 aperta
468 3122 657 3202 populatur,
685 3119 791 3182 abdita
815 3134 919 3184 autem
941 3133 972 3182 et
993 3118 1116 3183 defossa
1138 3130 1193 3183 aut

166 3235 352 3316 ignorantur
372 3245 427 3296 aut
447 3254 485 3295 eo
504 3235 573 3315 ipso
595 3236 708 3296 fallunt
730 3233 817 3318 quod
839 3231 1020 3317 qrraerenda
1043 3246 1127 3297 sunt.

250 3349 412 3428 Tegumen
434 3352 581 3414 omnibus
609 3372 731 3432 sagum,
756 3352 854 3414 fibula
877 3363 931 3413 aut
951 3349 979 3411 si
1000 3347 1079 3413 desit
1100 3350 1191 3432 spina
1205 3373 1241 3424 ιγ

167 3474 364 3542 consertum3
393 3476 496 3527 cetera
522 3465 629 3526 intecti
649 3477 732 3527 totos
754 3463 820 3527 dies
847 3468 937 3542 juxta
963 3463 1068 3526 focum
1095 3476 1189 3546 atque

166 3573 272 3651 ignem
301 3588 405 3655 agunt.
457 3575 710 3658 Locupletissimi
740 3588 826 3640 veste
859 3574 1093 3654 distinguuntur
1122 3596 1189 3638 non

167 3687 322 3764 fluitante,
347 3689 427 3753 sicut
448 3689 607 3754 Sarmatae
629 3713 665 3753 ac
686 3693 805 3769 Parthi,
827 3690 883 3753 sed
904 3690 1009 3754 stricta
1030 3701 1062 3752 et
1082 3689 1190 3770 singu·

166 3803 215 3865 los
238 3815 325 3867 artus
347 3804 553 3885 exprimente.
595 3804 717 3867 Gerunt
739 3817 770 3866 et
791 3807 929 3867 ferarum
950 3804 1059 3884 pelles,
1081 3805 1190 3884 proxi·

166 3916 211 3979 mi
235 3919 324 4000 ripae
351 3919 557 4000 negligenter,
586 3919 754 3983 ulteriores
781 3919 985 4004 exquisitius,
1016 3931 1052 3982 ut
1073 3919 1189 4000 quibus

169 4031 274 4094 nullus
295 4053 354 4114 per
375 4034 560 4096 commercia
581 4035 692 4096 cultus.
735 4033 853 4115 eligunt
874 4035 971 4109 seras,
999 4043 1030 4095 et
1052 4030 1188 4092 detracta
