2934 4625
493 251 556 319 EX
577 251 814 319 HISTORIIS
1102 252 1164 321 lll

141 433 261 495 minem
292 427 371 493 adeo
402 429 436 490 in
468 450 556 492 arma
584 450 722 512 pronum
752 443 787 493 ut
815 450 879 496 non
901 429 997 500 sidem
1028 430 1164 511 pretium

141 550 256 633 quietis
279 568 374 632 quam
395 548 527 629 periculi
547 548 645 613 malit.
689 546 804 632 quodsi
830 547 933 611 statim
960 547 1166 629 congredian-

141 679 212 742 tur,
241 665 345 726 nullas
371 684 437 725 esse
459 662 574 726 Ceriali
595 664 657 726 nisi
678 685 695 724 e
716 663 859 746 reliquiis
884 665 1053 744 germanici
1073 686 1165 727 exer·

142 780 222 842 citus
252 778 392 858 legiones
424 774 603 841 foederibus
637 775 810 839 Galliarum
841 779 1015 840 obstrictas.
1067 777 1163 862 idque

141 896 257 977 ipsum,
279 889 367 977 quod
387 887 577 953 inconditam
599 913 703 975 nuper
723 891 886 954 Valentini
906 901 1165 959 manum‘contra

143 1029 232 1089 spem
251 1028 341 1069 suam
361 1003 510 1081 fuderint,
535 1005 715 1068 alimentum
733 1006 797 1067 illis
819 1004 954 1090 ducique
974 1010 1164 1071 temeritatis.

143 1140 277 1185 ausuros
297 1140 407 1184 rursus
428 1135 640 1205 renuuntque
660 1121 694 1181 in
713 1142 826 1183 manus
847 1142 912 1184 non
932 1122 1070 1205 imperiti
1089 1122 1166 1186 ado-

144 1236 327 1314 lescentuli,
357 1237 455 1300 verba
490 1247 521 1297 et
550 1234 717 1298 conciones
748 1257 843 1318 quam
871 1237 992 1299 ferrum
1020 1250 1052 1300 et
1080 1259 1167 1301 mma

146 1348 344 1427 meditantis,
369 1347 425 1410 sed
447 1347 554 1412 Civilis
576 1360 608 1409 et
629 1347 777 1412 Classici:
809 1371 888 1433 quos
911 1351 968 1413 ubi
989 1354 1170 1433 aspexerint
1217 1387 1221 1392 ·

143 1464 319 1528 redituram
347 1464 381 1525 in
409 1464 531 1526 animos
560 1462 775 1542 formidinem,
805 1465 910 1545 fugam
933 1465 1110 1550 famemque
1132 1488 1168 1527 ac

142 1579 259 1641 totiens
292 1576 388 1657 captis
417 1576 591 1656 precariam
624 1574 731 1636 vitam.
781 1597 885 1658 neque
922 1579 1078 1643 Treveros
1112 1594 1168 1642 aut

144 1692 306 1773 Lingonas
328 1692 545 1757 benevolentia
567 1689 737 1753 contineri:
756 1704 974 1772 resumpturos
994 1713 1089 1769 arma,
1110 1691 1167 1753 ubi

143 1821 246 1870 metus
267 1806 459 1869 abscesserit.
500 1804 638 1866 Diremit
658 1804 860 1867 consiliorum
881 1801 1091 1869 diversitatem
1109 1828 1165 1888 ap-

145 1925 279 2004 probata
313 1921 442 1983 Tutoris
480 1918 635 1981 sensentia
666 1918 838 1998 Classicus,
875 1920 1039 2003 statimque
1074 1941 1164 1982 exsc-

144 2046 298 2118 quuntur,

230 2149 338 2212 Media
357 2125 438 2210 acies
454 2146 545 2210 Ubiis
560 2145 818 2231 Lingonibusque
835 2145 915 2226 data,
938 2148 1049 2214 dextro
1067 2170 1167 2213 cornu
1181 2150 1252 2213 4,ἴῖ

146 2266 290 2328 cohortes
307 2266 512 2336 Batavorum,
534 2266 659 2329 sinistro
678 2265 822 2332 Bructeri
836 2267 1056 2351 Tencterique.
1094 2287 1167 2349 pars

145 2382 323 2456 montibus,
345 2380 405 2440 alia
426 2378 511 2444 viam
535 2379 620 2442 inter
634 2381 865 2462 Mosellamque
885 2379 1004 2441 flumen
1024 2393 1088 2442 tam
1108 2383 1168 2442 im·

144 2494 275 2575 provisa
296 2492 454 2570 assiluere,
476 2491 565 2555 utin
587 2493 731 2554 cubiculo
753 2514 788 2554 ac
809 2493 925 2555 lectulo
947 2492 1077 2554 Cerialis
1099 2491 1169 2577 (ne-

84 2664 87 2671 t
146 2628 209 2690 que
236 2607 319 2668 enim
341 2619 464 2667 noctem
490 2604 526 2666 in
552 2606 660 2667 castris
689 2601 808 2689 egerat)
829 2607 963 2686 pugnari
984 2606 1076 2668 simul
1097 2605 1167 2668 vin·

144 2726 237 2807 cique
271 2743 345 2786 suos
382 2721 535 2800 audierit,
568 2722 732 2804 increpans
764 2740 915 2803 pavorem
946 2723 1166 2801 nuntiantium,

145 2836 247 2899 donec
267 2837 415 2898 universa
436 2834 539 2897 clades
560 2835 594 2896 in
617 2836 715 2897 oculis
740 2836 817 2913 fuit,
837 2850 988 2918 perrupta
1009 2837 1167 2917 legionum

147 2963 259 3026 castra,
282 2950 345 3011 lusi
370 2952 499 3033 equites,
521 2947 643 3011 medius
665 2948 817 3041 Mosellae
841 2968 922 3030 Pons
944 2951 999 3031 qui
1017 2951 1167 3012 ulteriora

41 3080 46 3091 ·
147 3064 291 3125 coloniae
324 3061 458 3125 adnectit
488 3063 527 3124 ab
557 3062 700 3125 hostibus
726 3061 873 3126 incessus.
916 3060 1046 3125 Cerialis
1066 3063 1168 3125 turbi-

146 3175 193 3240 dis
221 3180 318 3241 rebus
347 3176 523 3260 intrepidus
550 3189 581 3240 et
603 3179 756 3258 fugientes
785 3198 881 3240 manu
908 3179 1087 3255 retrahens,
1119 3179 1169 3240 in-

144 3303 226 3355 tecto
258 3311 391 3373 corpore
419 3305 586 3372 promptus
616 3292 700 3356 inter
731 3293 794 3354 tela
822 3293 906 3354 felici
936 3292 1107 3354 temeritate
1137 3304 1170 3353 et

145 3407 311 3484 fortissimi
338 3411 489 3488 cujusque
519 3428 651 3470 accursu
680 3408 887 3487 reciperatum
914 3419 1042 3486 pontem
1071 3407 1169 3470 electa

144 3542 240 3583 manu
262 3521 407 3584 firmavit.
456 3521 538 3582 Mox
558 3522 592 3583 in
617 3532 716 3584 castra
737 3540 883 3584 reversus
904 3522 1043 3610 palante}
1064 3534 1168 3602 capta-

144 3657 216 3698 rum
248 3634 331 3717 apud
358 3634 532 3700 Novesium
562 3638 773 3718 Bonnamque
800 3635 959 3714 logionum
989 3635 1167 3717 manipulos

144 3765 176 3815 et
205 3774 315 3814 rarum
349 3751 433 3834 apud
466 3754 552 3832 sigua
584 3753 714 3814 militem
746 3774 781 3814 ac
812 3771 911 3835 prope
944 3753 1168 3816 circumventas

144 3867 267 3948 aquilas
288 3865 384 3930 videt.
426 3866 573 3928 incensus
596 3866 659 3942 ira,
684 3869 758 3927 ‘non
780 3864 943 3941 Flaccum,
965 3867 1080 3950 inquit,
1100 3883 1167 3925 non

141 3980 298 4042 Voculam
322 3977 474 4042 deseritis.
516 3979 604 4042 nulla
628 3978 679 4041 hic
701 3978 856 4061 proditio,
882 4001 986 4064 neque
1006 3975 1090 4040 aliud
1112 3998 1167 4040 ex·
