2934 4625
537 316 771 387 GERMANIA
1121 316 1162 380 21

146 506 222 556 tuna
241 491 452 557 Semnonum:
475 504 601 556 centum
620 495 693 577 pagi
713 494 752 556 iis
774 494 969 573 habitantum
990 513 1164 575 magnoque

146 627 278 691 corpore
301 607 451 686 efficitur,
471 623 506 671 ut
529 628 561 669 se
587 608 764 672 Suevorum
787 621 879 691 caput
902 605 1039 670 credant.

231 722 350 786 Contra
371 721 597 803 Langobardos
618 725 758 805 paucitas
779 724 940 801 nobilitat3
962 720 1107 803 plurimis
1130 737 1212 788 ac4o

143 838 361 902 valentissimis
386 837 566 900 nationibus
588 842 680 902 cincti
702 863 768 904 non
792 862 849 922 per
871 840 1076 920 obsequium,
1110 830 1165 895 sed

143 952 273 1032 proeliis
302 966 332 1014 et
360 950 566 1042 periclitando
596 954 656 1014 tuti
684 965 766 1016 sunt.
813 952 969 1032 Reudigni
994 947 1105 1011 deinde
1135 958 1165 1006 et

65 1077 69 1080 '
144 1064 284 1128 Aviones
315 1079 346 1128 et
373 1066 476 1146 Anglii
506 1079 537 1128 et
564 1066 678 1128 Varini
703 1078 733 1127 et
755 1064 896 1128 Eudoses
925 1078 955 1125 et
986 1060 1165 1124 Suardones

145 1190 176 1239 et
191 1178 345 1241 Vithones
362 1177 545 1242 fluminibus
568 1193 622 1241 aut
643 1181 728 1244 silvis
750 1175 944 1242 muniuntur.
989 1176 1055 1239 Nec
1074 1170 1165 1257 quid·

142 1314 240 1377 quam
262 1295 399 1356 notabile
420 1296 455 1355 in
475 1297 620 1376 singulis,
650 1297 710 1360 nisi
732 1295 818 1379 quod
839 1299 872 1359 in
896 1314 1060 1359 commune
1083 1291 1164 1353 Ner·

142 1409 243 1488 thum,
264 1409 295 1471 id
317 1424 363 1472 est
380 1411 511 1472 Terram
531 1425 662 1474 matrem
685 1415 801 1489 colunt,
822 1433 953 1495 eamque
974 1407 1163 1471 intervenire

143 1523 238 1583 rebus
259 1522 441 1601 hominum,
462 1524 571 1588 invehi
592 1525 718 1606 populis
740 1527 941 1588 arbitrantur.
983 1525 1037 1585 Est
1058 1522 1091 1582 in
1115 1521 1164 1580 in·

145 1637 213 1697 sula
238 1638 347 1698 oceani
370 1650 487 1698 castum
515 1658 625 1700 nemus
646 1639 844 1723 dicatumque
866 1642 899 1700 in
927 1659 964 1700 eo
986 1637 1164 1701 vehiculum

144 1762 230 1813 veste
252 1762 442 1814 contectumc
471 1753 620 1833 attingere
645 1756 702 1815 uni
724 1755 879 1818 sacerdoti
900 1774 1091 1817 concessum.
1134 1752 1164 1812 Is

144 1861 251 1927 adesse
276 1866 431 1947 penetrali
455 1865 546 1929 deam
569 1869 714 1952 intelligit
741 1885 923 1955 vectamque
950 1872 1053 1934 bubus
1075 1867 1164 1929 semi-

143 1983 193 2043 nis
214 1985 404 2046 multarum
425 1986 625 2049 veneratione
648 1988 860 2069 prosequitur.
901 1986 975 2048 laeti
993 1997 1069 2046 ωηο
1088 1980 1164 2059 dies,

143 2095 222 2157 festa
258 2098 349 2174 loca,
400 2118 606 2181 quaecunque
644 2099 781 2164 adventu
820 2093 1031 2184 hospitioque
1055 2098 1164 2179 digna·

142 2221 204 2272 tur.
259 2231 325 2274 ηοη
356 2213 438 2273 bella
466 2213 591 2293 ineunt,
632 2237 696 2279 non
727 2237 814 2278 arma
844 2228 988 2291 sumunt,
1023 2216 1162 2276 clausum

144 2330 236 2385 omtfe
257 2324 387 2403 ferrum,
406 2348 470 2408 pax
491 2342 521 2390 et
544 2330 632 2411 quies
654 2342 729 2392 tunc
749 2344 869 2393 tantum
892 2344 976 2404 nota,
998 2343 1072 2393 tunc
1092 2341 1162 2390 tan·

141 2449 210 2498 tum
233 2452 349 2516 amata,
372 2438 471 2502 donec
492 2440 575 2502 idem
598 2443 741 2506 sacerdos
764 2445 904 2506 satiatam
927 2444 1163 2508 conversatione

143 2552 323 2614 mortalium
344 2549 434 2613 deam
453 2555 571 2633 templo
593 2553 713 2617 reddat.
755 2555 835 2618 Mox
857 2556 1034 2618 vehiculum
1056 2568 1087 2616 et
1109 2576 1163 2617 ve·

143 2678 219 2743 stes,
250 2677 282 2728 et
305 2665 331 2728 si
351 2664 478 2728 credere
507 2670 583 2732 velis
607 2692 725 2732 numen
750 2673 854 2753 ipsum
876 2684 993 2732 secreto
1015 2672 1086 2730 lacu
1108 2672 1163 2731 ab·

143 2779 251 2840 luitur.
293 2779 376 2841 servi
396 2779 588 2857 ministrant,
610 2803 689 2863 quos
710 2784 814 2845 statim
835 2782 919 2845 idem
942 2784 1028 2844 lacus
1050 2780 1165 2842 haurit.

144 2917 275 2958 arcanus
299 2896 372 2957 hinc
397 2907 499 2959 terror
520 2910 687 2983 sanctaque
712 2901 904 2980 ignorantie,
926 2896 1003 2981 quid
1026 2900 1064 2959 sit
1086 2895 1164 2959 illud

144 3005 231 3090 quod
251 3019 372 3070 tantum
390 3010 525 3090 perituri
545 3008 661 3074 vident.

228 3121 268 3184 Et
289 3123 367 3184 haec
389 3123 514 3206 quidem
537 3148 610 3208 pars
639 3127 817 3193 Suevorum
838 3129 872 3190 in
894 3130 1063 3192 secretiora
1084 3129 1164 3191 Ger·
1176 3136 1207 3188 41

143 3234 264 3296 maniae
293 3236 475 3317 porrigitur.
526 3241 678 3320 Propior,
710 3253 746 3303 ut
775 3240 935 3325 quomodo
966 3244 1063 3324 paulo
1092 3255 1163 3305 ante

142 3350 290 3414 Rhenum
325 3355 368 3414 sic
407 3374 491 3415 nunc
525 3356 710 3419 Danubium
746 3339 876 3442 sequar,
919 3360 1164 3423 Hermunduro-

144 3482 216 3523 rum
247 3464 371 3542 civitas‚
401 3465 464 3527 fida
490 3468 658 3550 Romanis3
695 3492 797 3555 eoque
827 3477 901 3535 solis
933 3474 1164 3537 Germanorum

143 3598 209 3639 non
238 3575 272 3636 in
292 3579 362 3658 ripa
385 3586 619 3654 commercium,
652 3584 706 3647 sed
734 3589 860 3668 penitus
890 3601 982 3671 atque
1003 3589 1035 3649 in
1060 3592 1164 3671 splen·

144 3691 303 3755 didiscima
332 3693 459 3756 Raetiae
485 3699 665 3783 provinciae
694 3704 828 3765 colonia.
877 3705 995 3766 Passim
1022 3704 1088 3766 sine
1110 3729 1164 3767 cu-

145 3806 232 3868 stode
260 3818 442 3887 transeunt3
475 3823 505 3872 et
534 3832 631 3893 quum
654 3815 764 3875 ceteris
786 3817 929 3895 gentibus
958 3839 1043 3880 arma
1067 3816 1163 3881 modo

145 3934 307 4004 castraque
330 3934 437 3985 nostra
461 3923 677 4004 ostendamus,
700 3930 748 3991 bis
773 3930 881 3993 domos
904 3933 1055 4015 villasque
1076 3945 1163 4013 pate·
1202 3908 1205 3915 Α

146 4035 274 4097 fecimus
304 4057 369 4099 non
402 4039 700 4122 concupiscentibus.
750 4045 787 4105 ln
818 4043 1046 4107 Hermunduris
1075 4044 1163 4105 Albis
