2934 4625
525 261 588 330 EX
610 259 846 332 HISTORIIS
1130 263 1193 329 119

171 438 298 499 bantur.
340 434 457 516 adjecta
478 435 588 519 ingens
607 435 750 501 lintrium
769 437 817 503 vis
840 434 880 501 ad
900 434 1037 501 tricenos
1057 434 1193 520 quadra-

171 569 340 633 genosque.
389 549 443 614 sed
475 563 668 613 armamenta
695 550 861 614 liburnicis
893 551 1002 615 solitas
1042 560 1072 613 et
1101 550 1194 612 simul

171 674 279 742 captae
305 664 414 727 lintres
444 667 558 747 εαμιῑίο
589 666 832 732 versicoloribus
857 663 944 729 haud
965 663 1113 730 indecore
1133 685 1193 749 pro

170 779 248 842 velis
265 779 467 860 juvabantur.
512 782 649 864 spatium
669 784 758 849 velut
778 780 925 866 aequoris
945 783 1095 860 electum,
1128 800 1193 865 quo

169 894 281 955 Mosae
314 894 454 959 fluminis
485 916 522 960 os
557 917 681 960 amnem
714 896 864 959 Rhenum
897 909 1019 959 oceano·
1048 893 1196 957 offundit.

172 1003 275 1068 Causa
294 1006 495 1072 instruendae
516 1009 632 1086 classis,
652 1030 748 1092 super
768 1009 894 1073 insitam
913 1006 998 1090 genti
1016 1006 1195 1084 vanitatem,

172 1129 207 1179 ut
235 1138 273 1181 eo
302 1132 423 1182 terrore
445 1133 636 1184 commeatus
665 1121 770 1185 Gallia
797 1120 1002 1187 adventantes
1027 1120 1195 1202 intercipe·

171 1242 292 1304 rentur.
335 1230 463 1297 Cerialia
481 1234 632 1299 miraculo
652 1235 750 1316 magis
768 1256 864 1319 quam
883 1249 967 1299 metu
985 1233 1102 1299 direxit
1116 1236 1195 1299 clas·

171 1365 237 1409 sem
258 1369 392 1413 numero
411 1349 576 1432 imparem,
595 1372 656 1414 usu
673 1352 835 1433 remigum,
855 1353 1102 1432 gubernatorum
1118 1360 1195 1425 arte,

172 1461 301 1526 navium
330 1463 544 1543 magnitudine
569 1467 740 1548 potiorem.
782 1467 832 1529 his
858 1465 977 1531 flumen
1004 1460 1195 1527 secundum:

171 1572 219 1633 illi
238 1585 334 1637 vento
355 1576 538 1653 agebantur.
579 1575 624 1638 sic
644 1575 803 1658 praevecti
821 1574 940 1638 leuium
959 1578 1095 1638 telorum
1111 1579 1195 1652 jactu

173 1683 373 1747 dirimuntur.
415 1685 525 1750 Civilis
543 1685 624 1750 nihil
644 1688 727 1749 ultra
743 1707 839 1752 ausus
858 1697 945 1750 trans
960 1687 1106 1752 Rhenum
1119 1708 1196 1752 con·

171 1799 274 1865 cessit.
306 1797 448 1863 vCerialis
468 1801 605 1880 insulam
625 1802 820 1867 Batavorum
835 1801 1003 1870 'hostiliter
1027 1801 1196 1883 populatus

175 1936 265 1996 agros
285 1916 438 1999 villaeque
461 1915 569 1981 Civilia
589 1916 722 1981 intactae
744 1929 822 1982 nota
842 1930 908 1981 erte
929 1915 1044 1979 ducum
1066 1915 1196 1995 sinebat,

175 2050 275 2113 quum
302 2027 429 2092 interim
457 2028 547 2092 fluxu
578 2029 740 2093 auctumni
767 2041 800 2092 et
828 2028 945 2094 crebris
975 2050 1035 2112 per
1059 2028 1197 2092 hiemem

174 2142 327 2206 imbribus
348 2145 532 2225 superfusus
557 2144 658 2206 amnis
680 2145 851 2225 palustrem
872 2144 1086 2226 humilemque
1108 2142 1196 2204 insu-

104 2311 108 2319 ,
174 2256 238 2329 lam
253 2257 289 2320 in
304 2257 415 2321 faciem
432 2256 535 2337 stagni
548 2256 698 2340 opplevit.
740 2276 799 2322 nec
815 2257 919 2320 classis
935 2268 990 2319 aut
1005 2268 1196 2320 commeatus

177 2368 305 2434 aderant
323 2383 484 2454 castraque
504 2373 539 2433 in
558 2373 654 2453 plano
676 2371 734 2434 sita
754 2371 788 2435 vi
805 2371 944 2434 fluminis
962 2370 1197 2433 differebantur.

261 2482 405 2544 Potuisse
426 2496 500 2545 tunc
526 2483 664 2566 opprimi
686 2484 828 2564 IegIones
855 2495 886 2547 et
907 2484 1044 2548 voluisse
1066 2484 1196 2547 Germa·
1210 2492 1281 2556 ⁶22⁴

178 2615 253 2676 nos,
274 2594 330 2661 sed
351 2594 426 2660 dolo
448 2619 467 2659 a
487 2617 521 2659 se
540 2594 641 2673 {leros
666 2594 836 2679 imputavit
856 2595 974 2660 civilis.
1016 2618 1120 2682 neque
1141 2599 1198 2659 ab·

176 2716 286 2777 horret
302 2733 398 2792 vero,
419 2710 546 2797 quando
564 2713 672 2795 paucis
692 2724 766 2794 post
786 2713 897 2777 diebus
918 2711 1037 2776 deditio
1057 2711 1199 2776 insecuta

177 2839 233 2891 est.
274 2826 357 2890 Nam
380 2825 510 2890 Cerialis
535 2848 594 2909 per
615 2828 754 2890 occultos
776 2827 904 2890 nuntios
930 2826 1057 2891 Batavis
1078 2847 1198 2908 pacem,

178 2943 272 3009 Ciuili
296 2943 423 3009 veniam
443 2955 602 3007 ostentans
622 2939 777 3005 Veledam
803 2941 1063 3026 propinquosque
1087 2962 1199 3006 mone·

177 3059 247 3135 bat,
276 3057 438 3121 fortunam
464 3057 540 3120 belli
570 3068 618 3122 tot
650 3056 791 3122 cladibus
823 3054 986 3122 adversam
1017 3069 1197 3140 opportuno

176 3193 249 3253 erga
268 3174 424 3255 populum
443 3190 611 3236 romanum
632 3172 746 3245 merito
767 3183 902 3237 mutare.
951 3192 1056 3236 caesos
1079 3172 1197 3237 Treve-

175 3305 247 3364 ros,
277 3298 419 3368 receptos
439 3284 557 3363 Ubios,
589 3300 727 3368 ereptam
756 3286 883 3352 Batavis
911 3286 1062 3368 patriam,
1092 3307 1197 3371 neque

178 3396 264 3461 aliud
295 3397 404 3463 civilis
435 3397 569 3461 amicitie
605 3411 751 3480 paratum
788 3419 883 3482 quam
915 3400 1063 3479 vulnera,
1098 3401 1198 3481 fugas,

178 3510 292 3573 luctus.
333 3509 475 3572 exsulem
500 3530 573 3572 eum
599 3522 631 3570 et
658 3521 818 3573 extorrem
840 3509 1063 3593 recipientibus
1088 3515 1196 3580 oneri:

179 3636 211 3688 et
238 3624 312 3687 satis
339 3624 516 3705 peccavisse
545 3621 634 3707 quod
660 3624 775 3701 totiens
804 3624 952 3690 Rhenum
979 3626 1198 3691 transscende-

177 3737 253 3803 rint.
295 3736 321 3800 si
342 3735 419 3819 quid
439 3737 523 3800 ultra
541 3737 728 3818 moliantur,
748 3737 823 3803 inde
843 3740 991 3820 injuriam
1012 3754 1044 3808 et
1064 3745 1197 3826 culpam,

177 3851 251 3916 hinc
272 3851 425 3915 ultionem
448 3861 480 3913 et
500 3848 576 3913 deos
595 3850 677 3915 lore.

217 3994 223 4002 ·
265 3967 480 4032 Miscebantur
508 3965 602 4030 minis
633 3968 796 4051 promissa.
840 3982 871 4033 et
903 3989 1051 4035 concussa
1079 3969 1196 4032 Trans·
1209 3980 1281 4045 aaa
