2934 4625
256 252 278 316 8
652 244 887 314 GERMANIA

256 433 431 502 sectantur3
455 440 628 505 magnaque
650 430 691 504 et,
703 419 853 482 comitum
873 419 1055 500 aemulatio,
1077 417 1193 504 quibus
1214 418 1280 503 pri·

257 557 327 599 mus
348 533 433 617 apud
452 534 627 616 principem
646 554 739 596 suum
759 536 858 612 locus,
879 546 910 596 et
924 535 1114 616 principum,
1138 534 1190 597 cui
1208 537 1279 616 plu-

256 652 329 714 rimi
362 664 394 714 et
422 651 566 714 acerrimi
597 652 738 715 comites.
790 651 876 714 llaec
907 648 1058 730 dignitas,
1093 652 1153 713 bae
1184 649 1278 725 vires,

257 787 371 848 magno
391 787 517 848 semper
537 769 706 830 electorum
727 769 879 843 juvenum
900 766 995 844 globo
1017 761 1219 843 circumdar13
1246 762 1280 824 in

258 902 334 963 pace
365 878 475 958 decus,
504 879 538 941 in
569 881 652 941 bello
682 876 885 960 praesidium.
934 879 1002 942 Nec
1030 882 1133 942 solum
1162 878 1197 939 in
1223 898 1281 940 sua

258 1008 349 1075 gente
380 995 510 1077 cuique,
542 992 597 1056 sed
629 991 713 1076 apud
742 993 889 1056 finitimas
919 1016 1047 1077 quoque
1078 993 1218 1057 civitates
1248 989 1280 1054 id

259 1133 394 1189 nomen,
423 1134 460 1175 ea
485 1112 586 1191 gloria
611 1123 677 1190 est,
705 1110 733 1173 ei
755 1130 888 1171 numero
911 1131 946 1173 ac
971 1109 1091 1180 virtute
1115 1110 1280 1171 comitatus

260 1228 406 1290 emineat.
458 1237 649 1308 expetuntur
683 1225 768 1289 euim
797 1225 1003 1305 legationibus
1034 1236 1065 1286 et
1096 1222 1281 1284 muneribus

260 1354 431 1413 ornanum,
453 1352 485 1403 et
504 1340 573 1422 ipsa
593 1340 781 1422 plerumque
804 1339 887 1399 fama
906 1338 990 1399 bella
1009 1334 1189 1417 profligant.

212 1472 246 1523 14
345 1428 452 1534 Quum
489 1466 619 1520 ventum
655 1452 690 1514 in
721 1452 837 1529 aciem,
875 1464 969 1534 turpe
986 1447 1134 1534 principi
1163 1450 1280 1514 virtute

259 1570 359 1649 vinci,
381 1584 473 1651 turpe
490 1568 652 1632 comitatui
667 1570 817 1632 virtutem
833 1567 984 1649 principis
1005 1586 1069 1628 non
1094 1563 1280 1649 adaequare.
1376 1575 1378 1578 ’

258 1688 321 1763 iam
345 1706 422 1748 vero
443 1684 560 1746 infame
583 1683 616 1746 in
639 1702 766 1747 omnem
786 1685 883 1747 vitam
904 1704 940 1744 ac
961 1683 1150 1764 probrosum
1171 1700 1281 1762 super-

259 1800 362 1864 stitem
382 1796 596 1881 principiano
625 1817 666 1859 ex
691 1795 757 1861 acie
776 1796 951 1859 recessisse.
991 1795 1082 1857 illum
1104 1793 1283 1870 defendere,

259 1912 361 1990 tueri,
392 1932 451 1974 sua
485 1933 612 1996 quoque
644 1914 740 1976 fortia
771 1912 853 1976 iacta
881 1912 997 1992 gloriae
1027 1916 1093 1990 eius
1126 1911 1282 1991 assignare

259 2026 464 2108 praecipuum
495 2036 723 2087 sacramentum
756 2036 812 2086 est.
865 2023 1027 2105 Principes
1058 2044 1117 2105 pro
1151 2024 1283 2087 victoria

260 2153 418 2224 pugnant,
447 2140 575 2203 comites
595 2161 655 2222 pro
676 2141 831 2222 principe.
871 2138 907 2202 Si
926 2141 1052 2218 civitas,
1079 2140 1112 2202 in
1136 2162 1200 2224 qua
1222 2140 1283 2203 orti

261 2267 344 2331 sunt,
364 2256 459 2334 longa
479 2273 555 2336 pace
577 2265 609 2316 et
630 2252 695 2317 otio
715 2265 849 2336 torpeat,
869 2253 1012 2338 plerique
1032 2254 1189 2318 nobilium
1206 2251 1283 2317 ado·

259 2367 442 2432 lescentium
463 2379 575 2449 petunt
596 2369 682 2431 ultro
704 2389 756 2431 eas
778 2370 938 2446 nationes,
968 2390 1049 2453 quae
1075 2382 1141 2432 tum
1161 2370 1283 2432 bellum

261 2483 390 2567 aliquod
410 2493 540 2563 gerunt,
571 2479 647 2564 quia
667 2492 699 2543 et
719 2480 842 2560 ingrata
861 2482 945 2562 genti
969 2483 1076 2566 quies,
1107 2493 1138 2546 et
1161 2482 1282 2545 facilius

260 2596 342 2658 inter
371 2596 518 2678 ancipitia
549 2598 738 2676 clarescunt,
768 2618 979 2680 magnumque
1010 2599 1190 2661 comitatum
1217 2617 1282 2659 nou

260 2713 322 2775 nisi
342 2712 374 2776 vi
395 2713 543 2796 belloque
565 2725 684 2775 tueare.
726 2713 865 2794 Exigunt
894 2713 977 2775 euim
999 2712 1150 2795 principis
1170 2714 1221 2777 sui
1243 2711 1283 2775 li·

199 2801 202 2807 *
260 2828 422 2889 beralitate
441 2827 529 2888 illum
547 2828 730 2888 bellatorem
747 2847 874 2909 equum,
895 2828 980 2889 illam
1000 2839 1161 2889 cruentam
1177 2824 1283 2891 victri-

263 2959 393 3023 cemque
414 2940 576 3004 frameam.
617 2961 691 3003 nam
714 2943 825 3022 epulae
847 2954 896 3019 et,
918 2963 1100 3023 quanquam
1121 2942 1282 3022 incompti,

261 3053 340 3132 largi
370 3064 475 3115 tamen
507 3068 675 3135 apparatus
704 3075 764 3136 pro
793 3054 949 3134 stipendio
976 3053 1101 3115 cedunt.
1152 3052 1283 3114 materia

262 3165 492 3228 munificentiae
523 3187 582 3249 per
608 3169 692 3231 bella
720 3180 751 3231 et
779 3178 896 3249 raptus.
949 3165 1016 3230 Nec
1046 3187 1136 3228 arare
1166 3179 1284 3229 terram

262 3294 318 3345 aut
339 3294 518 3364 exspectare
539 3303 659 3346 annum
680 3295 745 3346 tam
769 3284 859 3346 facile
879 3282 1088 3365 persuaseris,
1109 3305 1205 3366 qnam
1225 3303 1283 3347 vo·

262 3416 333 3459 care
348 3396 470 3458 hostem
486 3407 517 3456 et
529 3396 663 3460 vulnera
678 3396 803 3460 mereri.
838 3397 962 3478 pigrum
979 3396 1058 3481 quin
1074 3397 1138 3461 imo
1154 3410 1185 3460 et
1199 3399 1283 3462 iners

261 3484 388 3574 videtur
404 3507 519 3570 sudore
542 3511 705 3593 acquirere
725 3509 932 3593 qnodpos'sis
951 3512 1101 3591 sanguine
1118 3534 1241 3595 parare.

215 3628 249 3679 1⁶
348 3617 501 3695 Quotiens
521 3622 603 3683 bella
625 3643 691 3685 non
711 3621 841 3702 ineunt,
867 3643 934 3685 non
955 3626 1088 3689 multum
1108 3627 1284 3704 venatibus,

262 3735 332 3815 plus
356 3754 415 3813 per
438 3733 536 3796 otium
557 3736 734 3815 transigunt
755 3734 853 3797 dediti
873 3757 984 3799 somno
1006 3738 1157 3820 ciboque,
1178 3738 1285 3800 fortis-

263 3849 358 3912 simus
388 3849 522 3933 quisque
551 3872 587 3912 ac
616 3851 866 3916 bellicosissimus
896 3852 974 3913 nibil
1003 3872 1112 3933 agens,
1135 3822 1285 3931 'detegam

262 3961 374 4026 domus
397 3973 428 4024 et
449 3964 609 4044 penatium
633 3976 662 4027 et
684 3983 830 4044 agrorum
851 3986 927 4027 cura
948 3965 1072 4028 feminis
1092 3963 1283 4046 senibusque
