2934 4625
441 279 599 349 Evlt'a
621 279 884 352 AGRIGOBAB
1118 281 1178 348 121

389 654 585 731 svms
617 617 955 744 aestuosas
993 593 998 716 ᾗ
1050 618 1054 626 ’
1116 614 1130 736 J

248 901 340 965 Hanc
368 923 457 966 oram
485 901 650 969 novissimi
673 901 770 967 maris
798 913 874 966 tunc
893 899 1033 989 primum
1052 919 1183 970 romono
1197 903 1233 953 ¹⁰

165 1014 269 1078 classis
294 1015 498 1083 circumvecta
520 1018 656 1084 insulam
678 1037 753 1090 ,esse
781 1015 978 1094 mianum
1007 1013 1185 1092 affirmavit,

165 1149 201 1189 ac
221 1130 314 1194 simul
334 1131 508 1213 incognitas
530 1132 571 1198 ad
596 1132 630 1198 id
657 1147 782 1216 tempus
804 1134 1024 1216 insulasque
1046 1127 1185 1197 Orcadas

164 1256 278 1306 vocant
297 1243 420 1311 invenit
447 1246 642 1333 domuitque·
683 1248 822 1332 dispecta
849 1262 896 1324 est
915 1261 948 1312 θῐ
967 1249 1069 1331 Thyle
1090 1266 1186 1332 (luam

163 1358 313 1422 hactenus
333 1362 392 1425 nix
413 1375 445 1426 et
469 1364 569 1428 biems
598 1359 800 1447 appetebats'
818 1362 876 1434 sed
893 1384 982 1444 mare
1008 1358 1133 1444 pigrum
1154 1370 1186 1422 et

162 1483 258 1550 mave
279 1474 502 1556 remigantibus
525 1479 696 1562 perhibent
716 1502 758 1546 ne
778 1482 879 1548 venus
901 1476 1030 1563 qtridem
1050 1472 1186 1559 proinde

163 1588 276 1652 attolli.

251 1701 399 1770 Ceterum
424 1702 622 1768 Britanniam
644 1701 701 1786 qui
727 1700 878 1764 mortales
905 1698 1005 1765 initio<
1023 1699 1186 1778 coluerint,
1199 1712 1234 1764 11

164 1811 329 1895 indigenae
350 1837 390 1878 an
413 1814 543 1893 advecti,
568 1828 605 1880 ut
625 1816 709 1892 inter
728 1814 892 1894 barbaros,
910 1835 1023 1895 param
1043 1834 1187 1896 comper·

166 1940 243 1991 tum.
298 1930 424 1994 babitus
453 1951 625 2013 corporum
652 1927 734 2000 varii
755 1941 850 2014 atque
871 1951 911 1996 ex
934 1951 973 1994 eo
994 1942 1187 2011 argumente.

167 2063 303 2126 namque
329 2047 442 2108 rutilae
470 2046 673 2118 Caledoniam
699 2043 909 2112 habitantium
930 2066 1054 2125 comae,
1080 2045 1186 2128 magni

165 2147 252 2219 arius
272 2161 655 2242 germanicamoriginem
676 2172 865 2228 asseverant.
972 2235 976 2242 ῃ
1063 2235 1066 2242 ,
1107 2229 1109 2234 ,

250 2273 295 2334 sic
316 2271 499 2338 Germanias
528 2276 700 2359 excussisse
714 2280 855 2356 ⁴jugum:
888 2286 918 2339 et
944 2273 1090 2354 flumine,
1120 2294 1237 2347 1101115

165 2404 284 2447 oceano
308 2383 445 2450 defendi.

253 2496 296 2582 (a.
318 2496 372 2581 83)
403 2496 520 2561 Eadem
545 2511 660 2562 aestate
689 2499 803 2562 cohors
823 2497 996 2580 Usiporum
1023 2519 1082 2580 per
1109 2496 1238 2560 Ger-20

168 2611 287 2676 manias
309 2612 484 2696 conscripta
510 2626 541 2676 et
567 2614 603 2675 in
622 2614 819 2677 Britanniam
840 2612 1021 2678 masimissa
1040 2632 1190 2691 magnum

168 2747 205 2789 ac
232 2729 436 2793 memorabile
464 2729 585 2793 facinus
615 2750 691 2794 ausa
720 2741 777 2794 est.
827 2729 928 2793 occiso
949 2726 1132 2797 centurione
1153 2748 1188 2789 ac

169 2839 318 2904 militibus
341 2842 397 2925 qui
425 2841 463 2905 ad
487 2841 673 2905 tradendam
701 2840 899 2924 disciplinam
924 2840 1061 2905 immixti
1088 2842 1189 2903 mani-

168 2956 251 3036 pulis
273 2959 452 3038 exemplum
475 2971 506 3021 et
525 2972 664 3021 rectores
678 2960 903 3039 habebantur,
931 2969 995 3019 tres
1018 2955 1188 3039 liburnicas

170 3065 285 3130 adactis
305 3090 364 3151 per
382 3071 448 3134 vim
468 3069 730 3152 gubernatoribus
753 3068 936 3150 ascendere,
956 3082 987 3133 et
1007 3089 1074 3133 uno
1095 3069 1190 3132 remi-

168 3194 278 3262 gante,
304 3182 455 3266 suspectis
476 3183 600 3249 duobus
624 3206 725 3269 eoque
747 3185 936 3263 interiectis,
957 3182 1099 3248 nondum
1119 3186 1190 3249 vul·

170 3311 240 3375 gato
269 3319 397 3362 rumore
426 3311 461 3362 ut
488 3299 674 3361 miraculum
704 3300 986 3380 praevehebautur.
1027 3318 1104 3361 mox
1130 3296 1189 3358 bac

172 3418 267 3489 atque
293 3410 348 3470 illa
374 3412 457 3492 rapti
485 3423 516 3472 et
538 3433 610 3473 cum
629 3410 790 3493 plerisque
811 3411 1037 3474 Britannorum
1058 3431 1116 3473 sua
1136 3409 1191 3472 dc-

171 3520 361 3585 iensantium
378 3524 500 3603 proelio
518 3523 676 3604 congressi
694 3545 731 3585 ac
749 3543 842 3605 saepe
856 3523 1000 3603 victores,
1021 3521 1190 3606 aliquando

172 3638 271 3721 pulsi,
293 3660 330 3703 eo
353 3637 393 3702 ad
416 3650 590 3713 extremum
611 3639 738 3721 inopiae
761 3660 892 3720 venere,
909 3652 945 3703 ut
964 3639 1191 3703 infirmissimos

172 3773 303 3817 suorum
331 3772 409 3816 mox
436 3765 521 3815 sorte
551 3751 661 3816 ductos
686 3766 897 3819 vescerentur.
938 3768 1031 3838 atque
1059 3756 1191 3817 circum-

171 3868 251 3933 vecti
272 3866 488 3944 Britanniam,
509 3866 629 3930 amissis
649 3889 708 3949 per
730 3866 883 3933 inscitiam
900 3866 1030 3950 regendi
1047 3867 1190 3940 navibus,

172 4003 231 4062 prro
251 3979 466 4064 praedonibus
487 3982 587 4080 babiti
607 3981 744 4064 primum
766 4004 785 4046 a
806 3981 927 4063 Suavis,
944 4004 1020 4048 mox
1041 4004 1060 4045 a
1082 3980 1190 4045 Frisiis
