2934 4625
284 230 328 295 to
646 230 708 299 EX
730 232 965 304 HISTORIIS
1073 311 1079 320 ,

286 406 424 487 legiones
458 402 537 467 nihil
571 404 651 467 ultra
681 405 842 469 fremitum
872 419 904 471 ot
932 407 1033 472 minas
1064 431 1160 474 ausae
1188 411 1315 476 initium

290 518 476 600 erumpendi
504 520 811 599 circumspectabant.
864 530 897 581 at
925 518 960 582 in
989 521 1146 602 superiori
1174 524 1314 588 exercitu

292 646 404 718 quarta
433 655 469 697 ac
499 632 744 698 duoetviccsima
770 633 908 712 legiones
936 631 1048 698 iisdem
1077 637 1217 700 hibernis
1244 652 1316 701 ten-

292 746 401 811 dentes
421 750 490 832 ipso
512 746 712 813 calendarum
729 748 944 827 januariarum
962 746 1012 811 die
1033 748 1316 835 dirumpuntjma·

290 866 377 944 gines
410 863 545 941 Galbae,
584 877 696 948 quarta
726 863 808 944 legio
844 864 1035 946 promptius,
1074 864 1317 930 duoetvicesima

292 990 489 1056 cunctantes,
518 999 594 1042 mox
619 999 786 1043 consensu.
828 980 874 1041 Ac
902 1000 943 1040 ne
964 980 1171 1044 reverentiam
1190 982 1316 1062 imperii

293 1113 408 1154 exuero
438 1091 621 1155 viderentur
646 1104 773 1170 senatus
802 1096 976 1178 populique
1001 1098 1125 1160 romani
1152 1099 1317 1162 obliterata

293 1210 356 1283 jam
388 1207 517 1268 nomina
546 1217 740 1269 sacramento
770 1203 983 1285 advocabant,
1023 1210 1112 1273 nullo
1143 1210 1316 1290 legatorum

293 1321 533 1383 tribunorumve
555 1341 614 1402 pro
634 1319 735 1384 Galba
756 1321 895 1397 nitente,
921 1320 1125 1406 quibusdam,
1153 1335 1189 1385 ut
1209 1324 1242 1384 in
1263 1335 1317 1385 tu·

294 1435 416 1511 multu,
437 1433 607 1498 notabilius
627 1434 840 1497 turbantibus.
881 1446 1075 1498 nontamen
1095 1436 1259 1520 quisquam
1280 1436 1316 1498 in

294 1543 424 1609 modum
456 1545 615 1607 concionis
646 1556 701 1607 aut
738 1556 882 1624 suggestu
912 1546 1045 1612 locutus.
1098 1567 1200 1633 neque
1231 1548 1317 1610 enim

296 1671 362 1721 erat
384 1657 487 1722 adbuc
508 1660 560 1722 cui
578 1661 797 1743 imputaretur.

212 1789 281 1851 unu
381 1773 545 1857 Spectator
564 1774 674 1857 flagitii
694 1776 897 1840 Hordeonius
926 1774 1056 1840 Flaccus
1078 1773 1250 1839 consularis
1270 1774 1317 1837 le·

296 1900 384 1967 gatus
405 1886 522 1971 aderat,
545 1910 610 1954 nou
632 1910 829 1971 compescere
850 1901 988 1968 ruentes,
1013 1909 1079 1952 non
1098 1888 1237 1956 retinere
1258 1886 1318 1950 du·

296 2005 376 2083 bios,
400 2026 465 2067 non
486 2004 644 2068 cohortari
664 2006 769 2068 bonos
790 2025 900 2086 ausus,
925 2001 979 2067 sed
1000 2004 1110 2085 segnis,
1131 2001 1264 2084 pavidus
1287 2015 1320 2066 et

298 2115 440 2179 socordia
456 2117 617 2180 innocens.
662 2117 819 2195 Quattuor
840 2116 1037 2183 centuriones
1058 2114 1319 2180 duoetvicesimae

297 2230 445 2310 legionis,
474 2231 599 2294 Nonius
620 2231 793 2316 Receptus,
823 2235 979 2297 Donatius
1000 2233 1135 2311 Valens,
1161 2231 1319 2294 Romilius

298 2345 482 2424 Marcellus,
522 2344 713 2427 Calpurnius
744 2347 959 2430 Repentinus,
995 2367 1093 2431 quum
1118 2358 1319 2428 protegerent

302 2460 419 2522 Galbae
440 2459 599 2539 imagines,
620 2460 740 2544 impetu
760 2464 894 2525 militum
911 2463 1035 2544 abrepti
1052 2460 1221 2545 vinctique.
1261 2481 1321 2522 nec

301 2573 446 2656 cuiquam
465 2573 547 2634 ultra
566 2572 643 2637 fides
664 2587 717 2636 aut
739 2575 889 2637 memoria
912 2575 1027 2655 prioris
1048 2575 1243 2652 sacramenti,
1265 2570 1320 2636 sed

301 2682 388 2770 quod
410 2686 446 2747 in
469 2684 676 2750 seditionibus
701 2687 827 2766 accidit,
856 2685 941 2749 unde
970 2689 1077 2769 plures
1101 2702 1189 2750 erant
1211 2708 1319 2752 omnes

299 2800 400 2861 fuere.
442 2799 542 2863 Nocte
565 2822 646 2886 quae
670 2801 815 2867 calendas
836 2800 992 2882 januarias
1018 2815 1124 2867 secuta
1145 2801 1244 2867 estin
1268 2825 1321 2867 co·

298 2915 416 2977 loniam
437 2915 687 2999 agrippinensem
710 2918 858 3002 aquilifer
877 2931 1006 3003 quartae
1026 2917 1158 2998 legionis
1181 2917 1323 3000 epulanti

298 3030 428 3092 Vitellio
466 3032 590 3093 uttntiat
623 3045 767 3114 quartam
807 3045 836 3094 et
872 3032 1144 3097 duoetviccsimam
1182 3035 1321 3111 legiones

298 3143 445 3224 projectis
463 3140 580 3203 Galbae
599 3141 788 3219 imaginibus
809 3142 842 3203 in
865 3153 991 3203 senatus
1014 3164 1049 3203 ac
1068 3141 1181 3222 populi
1197 3144 1322 3206 romani

299 3256 396 3319 verba
415 3259 545 3333 jurasse.
592 3250 630 3312 Id
651 3266 881 3316 sacramentum
905 3255 999 3317 inane
1020 3256 1142 3321 visum:
1173 3260 1322 3343 occupari

299 3348 461 3432 nutantem
488 3368 650 3430 fortunam
680 3379 711 3430 et
735 3369 845 3430 offerri
867 3369 1043 3452 principem
1065 3371 1192 3451 placuit.
1235 3373 1321 3435 missi

299 3509 319 3548 a
336 3482 465 3547 Vitellio
486 3479 527 3543 ad
546 3481 685 3560 legiones
705 3483 896 3568 legatosque,
920 3485 977 3570 qui
995 3483 1162 3548 descivisse
1183 3507 1201 3547 a
1220 3485 1322 3549 Galba

188 3594 190 3597 ’
298 3597 492 3679 superiorem
522 3591 696 3657 exercitum
723 3596 925 3663 nuntiarent:
956 3597 1090 3680 proinde
1120 3610 1173 3660 aut
1202 3598 1322 3660 bellan·

299 3713 374 3775 dum
396 3710 544 3777 adversus
567 3707 771 3774 desciscentes
791 3724 860 3792 aut,
884 3714 910 3777 si
933 3711 1102 3777 concordia
1124 3725 1156 3775 et
1177 3732 1240 3793 pax
1252 3714 1321 3792 pla-

299 3839 375 3907 ceat,
400 3826 578 3890 laciendum
596 3826 829 3909 imperatorem,
851 3842 882 3893 et
903 3830 1026 3892 minore
1045 3828 1224 3891 discrimine
1240 3829 1322 3889 sumi

299 3941 471 4023 principem
494 3962 589 4024 quam
612 3941 731 4026 quaeri.
