2934 4625
311 280 356 349 tr
655 282 718 349 EX
742 281 998 352 ANNALIBUS

229 470 300 535 212
398 457 513 521 Caesar
539 461 750 541 uansgreesus
765 459 930 550 yisurgim
944 458 1074 524 ,indicio
1103 461 1253 544 perfugae
1281 485 1337 528 co·

310 573 430 654 gnoscit
463 572 616 639 delectum
652 577 691 641 ab
720 576 863 639 Arminio
897 579 1004 641 locum
1032 599 1166 659 pugnae.
1220 602 1336 645 conve·

312 690 394 751 nisse
420 701 452 750 ct
473 690 549 752 aliae
570 689 713 753 nationes
733 690 767 751 in
789 690 900 776 siluam
922 690 1053 754 Herculi
1073 711 1211 771 sacram,
1239 715 1335 757 aueu-

311 824 427 887 rosque
458 809 644 867 nocturnum
677 817 852 868 castrorum
883 807 1160 888 oppugnationem.
1206 809 1335 873 =Habita

310 916 407 980 indici
425 916 519 996 fides,
549 929 581 981 et
602 919 811 980 cernebantur
832 917 935 999 ignee,
964 921 1179 1004 suggressique
1200 923 1333 1003 propius

308 1034 521 1115 speculatores
550 1030 653 1096 audiri
684 1033 844 1096 fremitum
877 1055 1034 1118 equorum
1060 1034 1268 1118 immensique
1302 1048 1333 1097 et

308 1147 461 1216 inconditi
493 1148 623 1229 agminis
654 1169 798 1211 murmur
828 1151 970 1213 attulere.
1019 1150 1118 1230 igitur
1150 1152 1331 1233 propinquo

308 1257 448 1327 stimma'e
484 1265 532 1326 rei
563 1262 741 1326 discrimine
776 1262 1008 1346 explorandum
1041 1265 1173 1328 militum
1208 1266 1330 1329 animos

308 1390 413 1458 ratus,
444 1400 581 1463 quonam
605 1380 638 1442 id
663 1378 759 1442 modo
787 1379 1007 1463 incomtptum
1029 1381 1112 1444 iuret
1139 1401 1245 1444 secum
1267 1381 1330 1461 agi·

308 1494 410 1556 tabet:
438 1493 583 1556 tribunos
604 1504 635 1555 ct
659 1493 858 1555 centuriones
881 1494 965 1555 lacta
985 1495 1108 1575 saepius
1129 1517 1224 1579 quam
1244 1515 1329 1556 com·

307 1618 396 1687 perta
416 1604 572 1683 nuntiare,
592 1606 779 1670 libertorum
800 1608 926 1671 servilia
945 1608 1080 1689 ingenia,
1102 1610 1208 1672 amicis
1227 1610 1329 1672 inesse

308 1720 530 1783 adulationem.
572 1720 601 1781 si
621 1718 730 1785 concio
753 1733 893 1799 vocetur,
914 1720 978 1785 illic
996 1744 1124 1807 quoque
1143 1745 1224 1807 quae
1238 1725 1329 1808 pauci

306 1832 456 1915 incipiant
476 1832 616 1917 reliquos
638 1833 835 1915 adstrepere:
859 1835 986 1916 penitus
1006 1837 1179 1901 noscendae
1199 1851 1328 1919 mentes,

307 1970 407 2031 quum
434 1948 546 2011 secreti
569 1959 601 2013 et
626 1946 811 2011 incustoditi
839 1948 922 2012 inter
951 1948 1100 2014 militares
1128 1952 1215 2015 cibos
1239 1973 1327 2033 spem

307 2075 361 2126 aut
382 2074 499 2125 metum
520 2063 710 2143 proferrent.

221 2187 292 2250 ata
389 2174 490 2238 Nocte
512 2188 622 2258 coepta
644 2196 785 2257 egressus
807 2176 949 2258 augurali
971 2196 1029 2258 per
1054 2178 1175 2239 occulta
1196 2186 1227 2239 et
1246 2178 1327 2258 vigi·

305 2289 389 2352 libus
412 2289 530 2371 ignara,
551 2292 664 2356 comite
679 2316 755 2373 uno,
776 2305 936 2358 contectus
951 2294 1101 2356 humeros
1118 2291 1221 2355 ferina
1233 2292 1327 2372 pelle,

305 2403 372 2466 adit
390 2418 561 2469 castrorum
579 2408 655 2484 uias,
680 2405 800 2469 adsistit
819 2406 1025 2470 tabernaculis
1043 2407 1222 2489 fruiturque
1242 2406 1326 2466 lama

304 2520 364 2611 sui,
385 2543 483 2605 quum
506 2523 557 2585 hic
578 2523 775 2586 nobilitatem
798 2519 896 2597 ducis,
922 2522 1067 2585 decorem
1088 2522 1177 2601 alius,
1198 2520 1326 2603 plurimi

303 2637 494 2718 patientiam,
517 2638 702 2713 comitatem,
730 2658 789 2717 per
811 2636 892 2699 seria
916 2657 974 2716 per
995 2641 1081 2712 jocos
1104 2634 1238 2698 eundem
1257 2638 1325 2696 ani-

302 2772 390 2816 mum
417 2751 565 2816 laudibus
595 2755 715 2815 ferrent
745 2749 1002 2834 reddendamque
1033 2753 1165 2832 gratiam
1194 2752 1230 2814 in
1258 2751 1323 2813 acie

301 2868 491 2932 faterentur:
521 2871 615 2931 simul
638 2867 774 2951 perfidos
803 2881 834 2932 st
860 2880 1007 2948 ruptores
1035 2867 1121 2947 pacis
1152 2866 1267 2930 ultioni
1293 2870 1353 2927 et*

301 2987 418 3067 gloriae
446 2984 637 3050 mactandos.
685 2988 774 3049 inter
797 3006 879 3070 quae
909 3006 994 3048 unus
1021 2984 1177 3061 hostium,
1205 2982 1322 3045 latinae

301 3098 426 3178 linguae
450 3099 566 3173 sciens,
595 3108 664 3158 acto
688 3096 728 3158 ad
757 3100 877 3160 vallum
899 3117 982 3177 equo
1010 3117 1087 3160 voce
1113 3116 1225 3173 magna
1246 3117 1324 3157 con-

302 3216 388 3292 juges
418 3222 449 3271 et
478 3230 568 3290 agros
598 3221 628 3269 et
656 3207 806 3289 stipendii
830 3207 864 3267 in
895 3203 979 3281 dies,
1014 3203 1114 3267 donec
1140 3207 1323 3289 bellaretur,

304 3326 462 3388 sestertios
484 3336 641 3400 centenos,
661 3324 687 3384 ei
709 3323 781 3407 quis
798 3322 1023 3402 transfugisset,
1043 3320 1180 3383 Arminii
1195 3323 1323 3385 nomine

303 3441 480 3524 pollicetur.
522 3436 665 3502 Incendit
679 3459 717 3500 ea
731 3437 919 3500 contumelia
931 3437 1091 3517 legionum
1103 3437 1182 3502 iras:
1201 3439 1324 3503 ueniret

303 3556 388 3633 dics,
418 3553 547 3616 daretur
566 3573 691 3635 pugna,
720 3562 920 3632 sumpturum
941 3550 1070 3613 militem
1093 3551 1321 3615 Germanorum

302 3691 402 3752 agros,
423 3680 596 3731 tracturum
616 3672 771 3747 conjuges,
792 3668 931 3749 accipere
950 3687 1053 3745 omen,
1073 3678 1104 3729 ct
1121 3667 1321 3729 matrimonia

302 3805 337 3845 ac
368 3781 517 3864 pecunias
543 3782 681 3844 hostium
706 3779 842 3863 praedae
868 3778 1034 3871 declinere.
1086 3780 1195 3842 Tertia
1221 3780 1320 3841 ferme

301 3899 406 3979 uigilia
423 3897 606 3959 resultatum
625 3909 671 3960 est
690 3897 797 3959 caetris
815 3894 882 3956 sine
902 3900 1043 3973 conjectu
1064 3892 1128 3973 teli,
1153 3906 1319 3976 postquam
1398 3944 1400 3947 .

301 4017 425 4079 crebras
437 4034 496 4097 pro
508 4012 709 4077 munimentis
722 4015 867 4075 cohortes
880 4023 912 4075 et
922 4012 1001 4075 nihil
1011 4010 1175 4077 remissum
1186 4031 1320 4074 sensere.
