2934 4625
504 267 565 334 EX
588 267 824 336 fllsrotuls
1108 274 1170 339 ll3

148 444 316 520 invalidus,
337 444 572 525 flagrantissima
593 448 769 511 cohortium
790 469 919 512 suarum
939 449 1069 532 integra,
1089 474 1169 536 quae

147 583 188 623 ex
222 562 356 626 Cauchis
392 563 563 646 Frisiisque
602 567 775 648 composita
812 565 954 629 Tolbiaci
987 568 1020 629 iu
1054 566 1168 633 finibus

146 680 423 763 Agrippinensium
441 682 560 760 agebat.
602 679 666 745 Sed
686 682 783 746 tristis
805 683 934 746 nuntius
952 681 1095 765 advertit,
1115 684 1169 748 de·

147 792 241 855 letam
267 795 427 857 cohortem
455 791 529 856 dolo
551 793 845 876 Agrippinensium,
874 796 931 879 qui
951 798 1044 877 largis
1069 799 1169 881 epulis

146 907 288 990 vinoque
309 907 429 990 sopitos
452 907 628 971 Germanos
654 907 767 971 clausis
795 909 936 988 faribus,
964 908 1035 992 igue
1056 910 1168 990 injecto
1256 981 1263 996 ‚

147 1044 336 1086 cremavere.
389 1022 490 1086 Simul
526 1022 655 1087 Cerialis
687 1044 826 1107 propero
859 1026 980 1106 agmine
1006 1027 1171 1098 subvenit.

145 1137 401 1201 Circumsteterat
417 1137 548 1202 Civilem
567 1152 597 1201 et
613 1137 692 1200 alius
710 1150 822 1216 metus,
842 1159 883 1200 ne
906 1150 1019 1223 quarta
1040 1131 1169 1203 decuma

147 1254 231 1334 legio
254 1253 398 1334 adjuncta
425 1253 600 1317 britannica
624 1254 720 1317 classe
743 1253 907 1317 afflictaret
927 1255 1078 1335 Batavos,
1107 1279 1169 1340 qua

147 1384 267 1429 oceano
298 1366 490 1430 ambiuntur.
523 1363 596 1458 [Sed
624 1368 780 1447 legionem
806 1368 947 1432 terrestri
970 1371 1082 1432 itinere
1108 1369 1170 1431 Fa·

145 1480 220 1541 bius
240 1480 365 1541 Priscus
385 1480 503 1558 legatus
524 1479 559 1539 in
579 1477 715 1542 Nervios
736 1481 945 1564 Tungrosque
967 1480 1075 1562 duxit,
1099 1505 1170 1546 eae-

147 1615 212 1676 que
247 1592 384 1657 ciritates
415 1592 450 1652 in
482 1589 673 1654 deditionem
706 1606 860 1674 acceptae.
924 1595 1052 1656 classem
1084 1598 1169 1658 ultro

148 1706 373 1770 Canninefates
402 1704 535 1785 aggressi
563 1717 636 1765 sunt
660 1707 824 1787 majorque
855 1723 929 1786 pars
957 1706 1086 1771 navium
1116 1707 1171 1768 de-

146 1841 257 1901 pressa
275 1807 339 1883 'aut
367 1832 467 1902 capta.
516 1833 547 1882 et
575 1817 768 1882 Nerviorum
796 1817 1029 1883 multitudinem
1059 1837 1170 1904 sponte

148 1946 337 1996 commotam
369 1944 406 1994 ut
439 1951 499 2014 pro
531 1931 682 1994 Romanis
715 1932 835 1995 bellum
868 1948 1041 2015 capesseret
1074 1935 1170 1999 iidem

148 2044 371 2107 Canninefates
393 2041 513 2106 fudere.
556 2041 712 2106 Classicus
734 2065 862 2129 quoque
881 2044 1030 2112 adversus
1050 2050 1171 2133 equites

147 2160 322 2227 Novesium
344 2181 363 2222 a
384 2158 506 2223 Ceriale
526 2159 715 2241 praemissos
742 2159 915 2223 secundum
941 2163 1097 2244 proelium
1124 2165 1172 2226 fe-

150 2276 202 2338 cit.
249 2274 339 2352 Quae
362 2274 485 2340 modica
513 2273 567 2339 sed
596 2280 707 2341 crebra
735 2274 849 2340 damna
877 2279 994 2341 famam
1021 2282 1170 2346 victoriae

149 2410 251 2471 nuper
270 2405 379 2471 partae
400 2393 589 2453 lacerabant.

233 2507 274 2568 At
293 2507 494 2568 Domitianus
509 2504 740 2585 Mucianusque
762 2513 932 2587 antequam
951 2505 1074 2588 alpibus
1094 2528 1170 2587 pro·
1184 2531 1210 2592 4,
1218 2536 1254 2583 85

88 2694 90 2697 Ι
149 2608 348 2702 pinquarent,
368 2639 539 2702 prosperos
561 2638 668 2680 rerum
688 2617 723 2678 in
743 2617 889 2683 Treveris
910 2632 1067 2698 gestarum
1087 2642 1170 2692 uun·

148 2734 209 2797 tios
240 2757 397 2819 accepere.
450 2736 620 2818 praecipua
651 2734 800 2797 victoriae
829 2731 905 2797 fides
937 2733 1003 2797 dux
1030 2737 1170 2800 hostium

149 2850 354 2931 Valentinus,
391 2872 592 2934 nequaquam
623 2851 744 2928 abjecto
778 2848 898 2927 animo,
933 2869 1013 2934 quos
1044 2851 1171 2932 spiritus

149 2968 293 3045 gessisset
312 2968 404 3031 vultu
427 2968 557 3030 ferebat.
598 2963 724 3028 auditus
750 2962 824 3026 ideo
847 2975 969 3026 tautum
999 2976 1034 3027 ut
1061 2984 1170 3026 nosce-

149 3092 240 3142 retur
265 3080 425 3161 ingenium
453 3085 538 3157 ejus,
559 3078 798 3162 damnatusque
819 3075 903 3138 inter
925 3077 1029 3159 ipsum
1052 3077 1172 3158 suppli·

152 3194 234 3256 cium
257 3195 464 3277 exprobranti
489 3192 612 3256 cuidam
637 3194 771 3275 patriam
794 3194 860 3270 ejus
886 3199 1007 3273 captam
1032 3191 1172 3273 accipere

152 3324 185 3370 se
208 3298 354 3372 solatium
374 3309 484 3372 morfia
505 3304 678 3390 respondit.
726 3302 791 3368 Sed
812 3306 979 3368 Mucianus
1007 3303 1095 3388 quod
1116 3303 1172 3367 diu

153 3426 361 3487 occultaverat
381 3438 416 3486 ut
436 3444 544 3486 recens
569 3423 782 3506 exprompsit:
810 3420 961 3504 quoniam
981 3418 1171 3499 benignitate

154 3531 248 3597 deum
270 3536 384 3596 fractae
405 3536 543 3597 hostium
567 3538 650 3599 vires
671 3537 793 3614 forent,
822 3553 934 3615 parum
963 3528 1075 3594 decore
1103 3533 1172 3595 Do-

153 3647 318 3707 mitianum
350 3647 494 3709 confecto·
524 3669 627 3728 prope
655 3649 739 3709 bello
772 3647 891 3708 alienae
924 3644 1042 3725 gloriae
1074 3647 1173 3708 inter-

152 3774 353 3847 venturum„
382 3760 409 3820 si
441 3771 538 3822 status
568 3760 693 3842 imperii
727 3772 783 3822 aut
817 3761 900 3822 salus
930 3757 1104 3821 Galliarum
1136 3759 1170 3819 in

155 3869 332 3934 discrimine
353 3862 543 3953 certaretur,
573 3872 717 3937 debuisse
740 3893 894 3938 caesarem
914 3872 949 3933 in
978 3871 1043 3934 acie
1070 3884 1170 3932 stare:
1215 3860 1219 3867 ’

153 3982 372 4050 Canninefates
392 3985 590 4069 Batavosque
612 3987 789 4052 minoribus
818 3986 949 4051 ducibus
975 3983 1173 4067 delegandos.

892 4109 911 4163 8
