2934 4625
326 300 371 369 86
674 293 737 365 EX
760 285 995 367 moronus

329 472 430 539 Dillio
449 472 591 539 Voculae
611 461 873 538 duoetsieeeimae
892 470 1026 555 legionis
1050 471 1154 553 legato
1180 469 1295 555 tradit,
1315 485 1354 538 ot

330 610 427 674 quam
446 589 590 652 mardmis
614 575 675 672 per
694 589 798 696 ripam
820 575 988 652 itineribus
1010 587 1218 665 celeraret,
1204 607 1273 670 rpse
1293 611 1353 671 pa·

330 703 433 785 vidos,
452 702 609 770 invalidus
625 724 772 787 corpore,
790 703 913 768 inrisus
934 699 1108 765 militibus.
1137 699 1251 784 Neque
1266 700 1353 764 enim

331 821 474 900 ambigue
504 819 681 883 sternebant
711 820 849 883 ‘emissas
881 841 900 882 a
929 803 1130 899 Mogontiaco
1156 818 1353 882 Batauorum

331 934 492 1011 cohortes,
524 915 744 996 dissimulatos
755 930 864 996 civilis
888 942 1037 1010 conatus,
1062 929 1207 994 sosciri·
1196 943 1232 993 ιιι
1250 932 1352 993 socie-

330 1060 425 1111 tatem
456 1048 641 1113 Germanos.
686 1069 760 1112 non
787 1047 886 1112 Primi
912 1045 1045 1110 Antonii
1073 1067 1179 1131 neque
1208 1047 1353 1111 Muciani

330 1184 391 1246 ope
410 1166 640 1246 Vespasianum
660 1166 760 1245 magis
783 1161 968 1230 adolevisse.
1015 1165 1123 1246 aperta
1150 1160 1223 1226 odia
1248 1184 1352 1226 erma·

330 1301 393 1364 que
420 1281 525 1362 palam
552 1278 685 1361 depelli:
716 1278 861 1344 fraudem
889 1293 921 1344 et
951 1278 1059 1344 dolum
1087 1262 1223 1346 obscura
1248 1301 1352 1364 eoque

328 1392 533 1457 inevitabilia.
574 1377 707 1457 Ciuilem
729 1404 812 1455 stare
830 1406 961 1474 sonna,
980 1405 1103 1457 struere
1121 1393 1236 1456 aciem:
1264 1393 1354 1455 Hor·

330 1507 480 1573 deonium
508 1529 526 1571 e
553 1508 700 1572 eubiculo
730 1519 763 1570 et
789 1493 906 1572 lectulo
936 1511 1048 1588 jubere
1078 1489 1236 1592 ⁶quidquid
1265 1508 1355 1572 hosti

330 1622 495 1689 conducat.
544 1637 592 1688 tot
623 1635 757 1688 armatas
787 1603 1037 1689 fortissimorum
1064 1605 1207 1690 virorum
1236 1637 1356 1689 manus

330 1738 426 1803 unius
448 1736 531 1802 senis
552 1717 726 1805 valitudine
746 1737 825 1819 regi.
876 1740 953 1822 quin
973 1729 1081 1822 potins
1100 1741 1264 1802 interiecto
1284 1752 1355 1802 tra-

330 1851 432 1917 ditore
460 1853 623 1917 fortunam
649 1854 860 1939 virtutemque
873 1855 876 1860 ’
889 1874 980 1916 ιιιιιιι
1005 1856 1088 1914 malo
1116 1855 1221 1915 omine
1246 1855 1354 1916 exsol-

329 1968 460 2032 verent?
488 1969 564 2031 ⁴His
583 1968 722 2031 interae
742 1970 875 2034 vocibus
894 1967 1059 2030 instinctos
1081 1947 1281 2029 flammavere
1300 1945 1353 2030 inss

329 2100 427 2164 super
451 2083 562 2145 allatae
585 2104 604 2144 a
624 2083 821 2163 Vespasiano
844 2081 972 2161 literas,
1002 2101 1082 2164 quas
1099 2060 1246 2158 flaccus,
1275 2078 1353 2162 quia

330 2194 482 2260 occultari
507 2195 698 2278 nequibant,
723 2215 785 2278 pro
812 2198 963 2261 concione
981 2194 1141 2274 recitauit,
1165 2196 1352 2279 vinctosque
1464 2257 1465 2260 ,

332 2308 389 2396 qui
408 2309 578 2373 attulerant
599 2309 639 2374 ad
660 2311 824 2376 Vitellium
845 2311 941 2377 misit.
1006 2332 1010 2341 “

243 2443 316 2509 ψ
414 2424 466 2489 sic
486 2427 632 2509 mitigatis
655 2428 767 2493 animis
787 2431 943 2510 Bonnam,
963 2430 1097 2494 hiberna
1111 2414 1236 2513 ‘primes
1251 2427 1354 2508 legio-

330 2541 390 2621 nis,
413 2555 551 2608 ventum.
592 2543 748 2609 infensior
768 2520 831 2608 illic
852 2546 941 2609 miles
964 2519 1087 2627 eulpam
1103 2541 1199 2607 cledis
1216 2542 1354 2605 in'Hor·
1463 2584 1464 2607 t

331 2652 480 2720 deonium
501 2663 661 2723 vertebate
694 2662 771 2739 ‘ejus
794 2664 882 2739 jussu
907 2657 1057 2721 directam
1084 2656 1235 2721 adversus
1256 2657 1354 2719 Bata-

329 2793 387 2838 vos
408 2774 520 2854 aciem,
544 2785 695 2858 tanquam
716 2795 735 2835 a
754 2771 954 2853 Mogontiaco
975 2771 1113 2852 legiones
1134 2748 1354 2855 sequerentur,

330 2883 470 2966 ejusdem
489 2885 672 2970 proditione
691 2907 800 2951 caesos
826 2888 923 2950 nullis
944 2886 1239 2968 supervenientibus
1261 2883 1355 2947 auxi·

328 2999 391 3063 liis.
431 3001 537 3081 ignota
561 3003 640 3065 haec
668 3003 779 3066 ceteris
801 2978 1007 3080 exercitibus,
1039 3022 1143 3085 neque
1167 3000 1354 3082 Mperatori

330 3134 389 3176 suo
409 3114 567 3193 nuntiari,
596 3137 695 3197 quum
716 3138 847 3179 accursu
867 3129 915 3178 tot
935 3113 1171 3195 provinciarum
1194 3113 1354 3195 exstingui

329 3244 443 3305 repens
471 3224 604 3307 perfidia
629 3229 790 3309 potuerit.’
836 3225 1041 3292 Hordeonius
1070 3226 1262 3309 exemplaria
1284 3251 1354 3291 om·

330 3342 420 3404 nium
448 3334 628 3421 literarum,
658 3343 773 3427 quibus
802 3365 861 3427 per
890 3343 1008 3406 Gallias
1036 3342 1295 3427 Britanniamque
1319 3356 1355 3407 et

329 3456 499 3539 Hispanias
519 3452 638 3522 auxilia
658 3440 788 3538 orabat,
819 3458 971 3523 exercitui
992 3457 1134 3523 recitavit
1153 3457 1352 3541 instintitque

330 3570 500 3652 pessimum
521 3570 658 3654 facinus,
684 3586 721 3637 ut
743 3573 892 3657 epistolae
914 3574 1086 3659 aquiliferis
1107 3574 1265 3655 legionum
1286 3585 1353 3635 tra-

331 3681 499 3765 derentur,
527 3687 640 3770 aquis'
661 3699 733 3751 ante
760 3687 854 3750 militi
882 3676 976 3769 quam
1005 3684 1136 3749 ducibus
1156 3684 1352 3766 legebantur.

329 3800 412 3862 Tum
438 3823 455 3862 e
484 3799 638 3865 seditiosis
661 3824 763 3865 unum
790 3803 905 3866 uncini
925 3805 1021 3883 ‘jubet
1050 3794 1147 3881 magis
1175 3795 1352 3879 usurpandi

329 3915 407 3993 juris
438 3937 534 3998 quam
566 3914 642 3999 qnia
669 3910 764 3978 unius
793 3919 886 3999 culpa
907 3917 1000 3979 foret.
1048 3925 1215 3997 motusque
1235 3909 1351 3981 Bonna

330 4027 484 4093 exereitus
512 4028 545 4090 in
575 4029 730 4093 coloniam
757 4028 1008 4112 agrippinensem
1036 4026 1238 4090 affluentibus
1259 4024 1351 4087 auxi·
