2934 4625
483 245 804 355 uxfflsronus
1108 285 1154 353 m

126 468 213 536 velut
247 487 428 551 supremum
456 464 647 531 dividantur.
691 487 856 550 nunquam
885 464 982 547 magis
1009 463 1154 532 afflictam

126 603 194 646 rem
215 603 396 659 romanam,
426 602 484 643 nec
505 578 591 643 aliud
611 580 646 641 in
666 579 808 642 hibernis
829 600 924 663 quam
953 579 1102 663 praedam
1122 594 1155 644 et

126 717 227 760 senes.
280 699 458 760 attollerent
488 709 609 761 tantum
628 696 766 787 oculos,
799 708 830 759 et
860 696 967 759 inania
995 698 1154 776 legionum

125 813 255 875 nomina
274 832 314 872 ne
336 825 546 893 pavescerent.
590 824 623 873 at
639 811 699 874 sibi
715 815 816 874 robur
834 810 972 894 peditum
995 810 1152 893 equitum·

129 946 208 1008 que,
236 927 483 1005 consanguineos
505 926 697 1001 Germanos,
728 924 844 987 Galbae
873 924 956 989 idem
983 926 1154 1007 cupientes.

125 1061 166 1100 ne
192 1041 342 1102 Romanis
372 1037 499 1121 quidem
527 1038 684 1118 ingratum
711 1037 745 1099 id
772 1039 909 1116 bellum,
942 1043 1028 1116 cujus
1053 1043 1152 1104 ambi·

124 1176 217 1235 guam
238 1155 397 1216 fortunam
417 1153 614 1236 Vespasiano
635 1153 863 1235 imputaturus:
887 1153 1037 1219 victorine
1054 1154 1153 1217 ratio·

124 1291 198 1333 nem
222 1268 419 1334 nonreddi?

209 1387 326 1467 Magno
348 1408 420 1448 cum
442 1406 570 1449 assensu
599 1383 723 1448 auditus
746 1385 885 1447 barbaro
905 1381 969 1445 ritu
991 1394 1023 1445 et
1041 1382 1151 1466 patriis
1163 1402 1189 1467 4,
1200 1402 1234 1454 15

126 1499 395 1562 exsecrationibus
415 1498 581 1561 universus
604 1498 707 1580 adigit.
749 1498 841 1564 Missi
865 1496 905 1559 sd
930 1494 1151 1560 Canninefates

125 1611 182 1694 qui
217 1612 347 1675 consilia
376 1612 540 1673 sociarent.
596 1630 634 1671 ea
662 1629 739 1689 gens
766 1622 887 1690 partem
916 1610 1037 1672 insulse
1066 1613 1151 1690 colit,

123 1725 254 1804 origine,
273 1724 390 1804 lingua,
412 1721 528 1786 virtute
549 1743 609 1803 par
631 1720 777 1785 Batavis:
799 1743 932 1785 numero
953 1739 1152 1805 superantur.

123 1840 205 1901 Mox
231 1838 358 1902 occultis
386 1837 505 1910 nuntiis
533 1836 668 1918 perlexit
694 1839 868 1901 britannica
892 1841 1026 1918 auxilia,
1054 1844 1149 1904 Bata·

124 1976 237 2020 vorum
261 1957 406 2017 cobortes
426 1952 537 2015 missas
558 1952 593 2014 in
615 1951 830 2033 Germaniam,
856 1966 1007 2038 utsupra
1029 1959 1150 2019 rettuli-

63 2069 69 2078 '
124 2088 212 2143 mus,
232 2077 278 2129 'ac
300 2079 367 2128 tuns
390 2064 580 2145 Magontiaci
601 2076 738 2144 agentes.
779 2067 856 2129 Erat
879 2068 912 2129 in
935 2069 1149 2134 Canninefati-

123 2184 184 2245 bus
208 2179 339 2244 stolidae
365 2177 513 2243 audaciae
541 2179 663 2244 Brinno
677 2175 726 2263 ⁴¹),
762 2181 900 2247 claritate
927 2186 1075 2247 natalium
1098 2187 1148 2248 in-

126 2298 216 2379 signi.
257 2309 348 2378 pater
368 2303 434 2373 ejus
455 2300 554 2359 multa
577 2298 703 2361 hostilia
724 2319 819 2360 ausus
849 2303 1026 2378 cnjanarum
1052 2321 1148 2382 expe·

124 2412 279 2475 ditionum
306 2409 480 2472 ludibrium
507 2412 637 2491 impune
666 2425 838 2493 spreverat.
880 2414 977 2494 igitur
1001 2416 1071 2496 ipso
1096 2437 1149 2478 re·

124 2525 215 2588 bellis
236 2523 373 2585 familiae
396 2522 524 2584 nomine
544 2524 675 2604 placuit,
701 2524 929 2609 impositusque
953 2543 1039 2592 scuto
1059 2551 1147 2593 more

123 2639 222 2721 gentis
252 2649 283 2700 et
310 2637 530 2698 sustinentium
557 2635 697 2699 humeris
726 2638 868 2702 vibratus
897 2639 963 2703 dux
993 2640 1149 2721 deligitur.

121 2752 296 2834 Statimque
317 2748 420 2811 accitis
441 2749 550 2812 Frisiis
573 2746 813 2833 (transrhenana
833 2775 907 2833 gens
930 2747 989 2836 est)
1012 2754 1147 2816 duarum

122 2868 299 2933 cohortium
328 2866 462 2926 hiberna
486 2864 633 2946 proxima
662 2879 816 2948 occupatu
846 2889 963 2932 oceano
990 2869 1147 2951 irrumpit.

121 3003 180 3044 nec
200 2976 420 3063 praeviderant
440 2976 592 3057 impetum
612 2976 751 3039 hostium
773 2978 895 3057 milites,
917 3002 984 3059 nec,
1007 2982 1034 3043 si
1054 3002 1146 3064 prae-

120 3096 288 3171 vidissent,
320 3092 393 3154 satis
414 3090 530 3152 virium
557 3087 598 3151 ad
620 3089 791 3154 arcendum
813 3104 889 3155 erat.
931 3092 1030 3177 Capta
1049 3095 1145 3175 igitur

122 3222 154 3274 et
183 3208 305 3292 direpta
336 3218 444 3268 castra.
495 3201 569 3267 dein
596 3226 693 3286 vagos
726 3218 759 3273 et
787 3207 872 3289 pacis
900 3208 996 3272 modu
1028 3210 1143 3275 effusos
1171 3215 1175 3224 ’

121 3327 202 3389 lixas
224 3321 495 3403 negotiatoresque
516 3341 665 3384 romanos
685 3321 852 3385 invadunt.
901 3322 994 3387 simul
1016 3324 1144 3389 excidiis

123 3436 320 3499 castellorum
351 3432 572 3510 imminebant,
607 3454 688 3517 quae
719 3457 739 3496 a
769 3436 935 3518 praefectis
966 3440 1143 3505 cohortium

120 3551 251 3614 incensa
271 3558 354 3623 sunt,
375 3544 450 3627 quia
472 3543 600 3608 defendi
620 3546 804 3631 nequibant.
846 3547 941 3630 Signa
963 3552 1142 3639 vexillaque

122 3679 154 3729 et
181 3660 268 3748 quod
292 3660 426 3723 militum
448 3658 483 3720 in
510 3661 705 3742 superiorem
726 3663 849 3728 insutas
868 3676 989 3748 partem
1013 3688 1142 3750 congre-

178 3928 204 3996 ·)
222 3930 267 3983 stit
291 3928 368 3986 codd.
391 3929 488 3998 Brino,
510 3930 616 3999 Brimo,
645 3931 759 3999 Bruno,
784 3929 853 3987 unde
872 3933 1020 3997 stlitem,
1042 3912 1164 3987 Brnnio'

120 4026 241 4083 extricas.
