<?xml version="1.0" encoding="UTF-8"?>
<!DOCTYPE html PUBLIC "-//W3C//DTD XHTML 1.0 Transitional//EN"
    "http://www.w3.org/TR/xhtml1/DTD/xhtml1-transitional.dtd">
<html xmlns="http://www.w3.org/1999/xhtml" xml:lang="en" lang="en">
 <head>
  <title>
</title>
<meta http-equiv="Content-Type" content="text/html;charset=utf-8" />
  <meta name='ocr-system' content='tesseract 3.04.00' />
  <meta name='ocr-capabilities' content='ocr_page ocr_carea ocr_par ocr_line ocrx_word'/>
</head>
<body>
  <div class='ocr_page' id='page_1' title='image "./tacitigermania02grimgoog_0062.png"; bbox 0 0 2934 4625; ppageno 0'>
   <div class='ocr_carea' id='block_1_1' title="bbox 332 259 1008 332">
    <p class='ocr_par' dir='ltr' id='par_1_1' title="bbox 332 259 1008 332">
     <span class='ocr_line' id='line_1_1' title="bbox 332 259 1008 332; baseline 0 0"><span class='ocrx_word' id='word_1_1' title='bbox 332 263 375 332; x_wconf 72' lang='lat'><strong>52</strong></span> <span class='ocrx_word' id='word_1_2' title='bbox 668 259 729 329; x_wconf 78' lang='lat' dir='ltr'><strong>EX</strong></span> <span class='ocrx_word' id='word_1_3' title='bbox 754 260 1008 332; x_wconf 81' lang='lat' dir='ltr'><strong>ANNhhlBUS</strong></span> 
     </span>
    </p>
   </div>
   <div class='ocr_carea' id='block_1_2' title="bbox 234 417 1449 4060">
    <p class='ocr_par' dir='ltr' id='par_1_2' title="bbox 247 417 1449 1202">
     <span class='ocr_line' id='line_1_2' title="bbox 247 417 1449 525; baseline 0.003 -25"><span class='ocrx_word' id='word_1_4' title='bbox 247 450 319 515; x_wconf 66' lang='lat' dir='ltr'><strong>asa</strong></span> <span class='ocrx_word' id='word_1_5' title='bbox 418 433 460 520; x_wconf 90' lang='lat' dir='ltr'><strong>(a.</strong></span> <span class='ocrx_word' id='word_1_6' title='bbox 484 431 539 518; x_wconf 80' lang='lat'><strong>19)</strong></span> <span class='ocrx_word' id='word_1_7' title='bbox 570 434 657 498; x_wconf 89' lang='lat' dir='ltr'><strong>Dum</strong></span> <span class='ocrx_word' id='word_1_8' title='bbox 682 454 720 498; x_wconf 90' lang='lat' dir='ltr'><strong>sa</strong></span> <span class='ocrx_word' id='word_1_9' title='bbox 740 446 840 499; x_wconf 80' lang='lat' dir='ltr'><strong>aestas</strong></span> <span class='ocrx_word' id='word_1_10' title='bbox 862 435 1049 500; x_wconf 81' lang='lat' dir='ltr'><strong>Germanico</strong></span> <span class='ocrx_word' id='word_1_11' title='bbox 1068 436 1176 520; x_wconf 86' lang='lat' dir='ltr'><strong>plures</strong></span> <span class='ocrx_word' id='word_1_12' title='bbox 1198 460 1257 523; x_wconf 86' lang='lat' dir='ltr'><strong>per</strong></span> <span class='ocrx_word' id='word_1_13' title='bbox 1278 464 1352 525; x_wconf 83' lang='lat' dir='ltr'><strong>pro·</strong></span> <span class='ocrx_word' id='word_1_14' title='bbox 1448 417 1449 460; x_wconf 42' lang='lat' dir='ltr'><strong>l</strong></span> 
     </span>
     <span class='ocr_line' id='line_1_3' title="bbox 329 547 1352 639; baseline 0.007 -24"><span class='ocrx_word' id='word_1_15' title='bbox 329 548 447 615; x_wconf 83' lang='lat' dir='ltr'><strong>vincias</strong></span> <span class='ocrx_word' id='word_1_16' title='bbox 475 547 673 629; x_wconf 70' lang='lat' dir='ltr'><strong>nauigium,</strong></span> <span class='ocrx_word' id='word_1_17' title='bbox 701 548 790 613; x_wconf 73' lang='lat' dir='ltr'><strong>haurd</strong></span> <span class='ocrx_word' id='word_1_18' title='bbox 817 548 1012 617; x_wconf 78' lang='lat' dir='ltr'><strong>less‘dscus</strong></span> <span class='ocrx_word' id='word_1_19' title='bbox 1041 552 1169 618; x_wconf 91' lang='lat' dir='ltr'><strong>Drusus</strong></span> <span class='ocrx_word' id='word_1_20' title='bbox 1196 558 1352 639; x_wconf 83' lang='lat' dir='ltr'><strong>quaesivit</strong></span> 
     </span>
     <span class='ocr_line' id='line_1_4' title="bbox 326 659 1350 749; baseline 0.006 -22"><span class='ocrx_word' id='word_1_21' title='bbox 326 662 458 728; x_wconf 77' lang='lat' dir='ltr'>illiciens</span> <span class='ocrx_word' id='word_1_22' title='bbox 475 660 661 728; x_wconf 72' lang='lat' dir='ltr'><strong>‘Germanou</strong></span> <span class='ocrx_word' id='word_1_23' title='bbox 675 659 726 728; x_wconf 80' lang='lat' dir='ltr'><strong>ad&#39;</strong></span> <span class='ocrx_word' id='word_1_24' title='bbox 738 660 925 743; x_wconf 78' lang='lat' dir='ltr'><strong>discordias,</strong></span> <span class='ocrx_word' id='word_1_25' title='bbox 954 675 1053 749; x_wconf 82' lang='lat' dir='ltr'><strong>utque</strong></span> <span class='ocrx_word' id='word_1_26' title='bbox 1073 666 1175 731; x_wconf 76' lang='lat' dir='ltr'><strong>fracto</strong></span> <span class='ocrx_word' id='word_1_27' title='bbox 1194 671 1258 745; x_wconf 87' lang='lat' dir='ltr'><strong>jam</strong></span> <span class='ocrx_word' id='word_1_28' title='bbox 1276 669 1350 733; x_wconf 86' lang='lat' dir='ltr'><strong>Ma·</strong></span> 
     </span>
     <span class='ocr_line' id='line_1_5' title="bbox 324 773 1348 860; baseline 0.004 -18"><span class='ocrx_word' id='word_1_29' title='bbox 324 773 804 860; x_wconf 66' lang='lat' dir='ltr'><strong>mboduonsqaeinexitium</strong></span> <span class='ocrx_word' id='word_1_30' title='bbox 823 776 1032 842; x_wconf 82' lang='lat' dir='ltr'><strong>insisteretur.</strong></span> <span class='ocrx_word' id='word_1_31' title='bbox 1071 778 1148 844; x_wconf 76' lang='lat' dir='ltr'><strong>Erat</strong></span> <span class='ocrx_word' id='word_1_32' title='bbox 1174 782 1257 844; x_wconf 82' lang='lat' dir='ltr'><strong>inter</strong></span> <span class='ocrx_word' id='word_1_33' title='bbox 1283 782 1348 846; x_wconf 86' lang='lat' dir='ltr'><strong>Go-</strong></span> 
     </span>
     <span class='ocr_line' id='line_1_6' title="bbox 323 888 1346 976; baseline -0.001 -22"><span class='ocrx_word' id='word_1_34' title='bbox 323 892 440 954; x_wconf 71' lang='lat' dir='ltr'><strong>thon&#39;ss</strong></span> <span class='ocrx_word' id='word_1_35' title='bbox 460 890 578 953; x_wconf 86' lang='lat' dir='ltr'><strong>nobilis</strong></span> <span class='ocrx_word' id='word_1_36' title='bbox 598 888 724 966; x_wconf 85' lang='lat' dir='ltr'><strong>juvenis</strong></span> <span class='ocrx_word' id='word_1_37' title='bbox 746 888 875 954; x_wconf 91' lang='lat' dir='ltr'><strong>nomine</strong></span> <span class='ocrx_word' id='word_1_38' title='bbox 899 889 1068 972; x_wconf 73' lang='lat' dir='ltr'><strong>Catualda,</strong></span> <span class='ocrx_word' id='word_1_39' title='bbox 1095 895 1250 976; x_wconf 76' lang='lat' dir='ltr'><strong>profugus</strong></span> <span class='ocrx_word' id='word_1_40' title='bbox 1271 898 1346 960; x_wconf 80' lang='lat' dir='ltr'><strong>olim</strong></span> 
     </span>
     <span class='ocr_line' id='line_1_7' title="bbox 324 1001 1346 1083; baseline 0.006 -13"><span class='ocrx_word' id='word_1_41' title='bbox 324 1006 357 1070; x_wconf 82' lang='lat' dir='ltr'><strong>vi</strong></span> <span class='ocrx_word' id='word_1_42' title='bbox 373 1001 576 1083; x_wconf 81' lang='lat' dir='ltr'>Marobodui,</span> <span class='ocrx_word' id='word_1_43' title='bbox 598 1014 630 1066; x_wconf 82' lang='lat' dir='ltr'><strong>et</strong></span> <span class='ocrx_word' id='word_1_44' title='bbox 650 1015 724 1068; x_wconf 73' lang='lat' dir='ltr'><strong>usne</strong></span> <span class='ocrx_word' id='word_1_45' title='bbox 742 1002 847 1066; x_wconf 84' lang='lat' dir='ltr'><strong>dubiis</strong></span> <span class='ocrx_word' id='word_1_46' title='bbox 864 1004 961 1068; x_wconf 88' lang='lat' dir='ltr'><strong>rebus</strong></span> <span class='ocrx_word' id='word_1_47' title='bbox 982 1008 1049 1083; x_wconf 87' lang='lat' dir='ltr'><strong>ejus</strong></span> <span class='ocrx_word' id='word_1_48' title='bbox 1067 1006 1221 1072; x_wconf 85' lang='lat' dir='ltr'><strong>ultionem</strong></span> <span class='ocrx_word' id='word_1_49' title='bbox 1241 1030 1346 1076; x_wconf 88' lang='lat' dir='ltr'><strong>ausus.</strong></span> 
     </span>
     <span class='ocr_line' id='line_1_8' title="bbox 323 1117 1345 1202; baseline 0.006 -19"><span class='ocrx_word' id='word_1_50' title='bbox 323 1123 354 1185; x_wconf 89' lang='lat' dir='ltr'><strong>Is</strong></span> <span class='ocrx_word' id='word_1_51' title='bbox 384 1118 487 1186; x_wconf 79' lang='lat' dir='ltr'><strong>valida</strong></span> <span class='ocrx_word' id='word_1_52' title='bbox 521 1139 617 1182; x_wconf 87' lang='lat' dir='ltr'><strong>manu</strong></span> <span class='ocrx_word' id='word_1_53' title='bbox 651 1117 730 1181; x_wconf 87' lang='lat' dir='ltr'><strong>fines</strong></span> <span class='ocrx_word' id='word_1_54' title='bbox 762 1119 1040 1186; x_wconf 80' lang='lat' dir='ltr'><strong>Marcomanorum</strong></span> <span class='ocrx_word' id='word_1_55' title='bbox 1061 1120 1245 1202; x_wconf 72' lang='lat' dir='ltr'><strong>ingnduur</strong></span> <span class='ocrx_word' id='word_1_56' title='bbox 1276 1147 1345 1190; x_wconf 89' lang='lat' dir='ltr'><strong>cor·</strong></span> 
     </span>
    </p>

    <p class='ocr_par' dir='ltr' id='par_1_3' title="bbox 239 1229 1343 1889">
     <span class='ocr_line' id='line_1_9' title="bbox 239 1229 1343 1318; baseline -0.004 -22"><span class='ocrx_word' id='word_1_57' title='bbox 239 1251 263 1292; x_wconf 75' lang='lat'><strong>&#39;.</strong></span> <span class='ocrx_word' id='word_1_58' title='bbox 322 1233 487 1316; x_wconf 80' lang='lat' dir='ltr'><strong>ruptisque</strong></span> <span class='ocrx_word' id='word_1_59' title='bbox 510 1230 702 1313; x_wconf 77' lang='lat' dir='ltr'><strong>primoribus</strong></span> <span class='ocrx_word' id='word_1_60' title='bbox 723 1229 764 1294; x_wconf 85' lang='lat' dir='ltr'><strong>ad</strong></span> <span class='ocrx_word' id='word_1_61' title='bbox 787 1230 968 1295; x_wconf 73' lang='lat' dir='ltr'><strong>musteum</strong></span> <span class='ocrx_word' id='word_1_62' title='bbox 987 1233 1135 1316; x_wconf 79' lang='lat' dir='ltr'>irrumpit</span> <span class='ocrx_word' id='word_1_63' title='bbox 1153 1240 1272 1318; x_wconf 76' lang='lat' dir='ltr'><strong>regiam</strong></span> <span class='ocrx_word' id='word_1_64' title='bbox 1293 1263 1343 1303; x_wconf 67' lang='lat' dir='ltr'><strong>ca.</strong></span> 
     </span>
     <span class='ocr_line' id='line_1_10' title="bbox 323 1345 1342 1435; baseline -0.001 -24"><span class='ocrx_word' id='word_1_65' title='bbox 323 1349 519 1432; x_wconf 74' lang='lat' dir='ltr'><strong>stallumque</strong></span> <span class='ocrx_word' id='word_1_66' title='bbox 537 1351 638 1425; x_wconf 80' lang='lat' dir='ltr'><strong>juxta</strong></span> <span class='ocrx_word' id='word_1_67' title='bbox 654 1346 759 1410; x_wconf 85' lang='lat' dir='ltr'><strong>situm.</strong></span> <span class='ocrx_word' id='word_1_68' title='bbox 801 1355 924 1410; x_wconf 74' lang='lat' dir='ltr'><strong>veteres</strong></span> <span class='ocrx_word' id='word_1_69' title='bbox 954 1346 1019 1410; x_wconf 90' lang='lat' dir='ltr'><strong>illie</strong></span> <span class='ocrx_word' id='word_1_70' title='bbox 1048 1345 1237 1416; x_wconf 69' lang='lat' dir='ltr'><strong>sannun-</strong></span> <span class='ocrx_word' id='word_1_71' title='bbox 1251 1376 1342 1435; x_wconf 69' lang='lat' dir='ltr'><strong>prae.</strong></span> 
     </span>
     <span class='ocr_line' id='line_1_11' title="bbox 322 1461 1341 1552; baseline 0.005 -25"><span class='ocrx_word' id='word_1_72' title='bbox 322 1464 380 1527; x_wconf 87' lang='lat' dir='ltr'><strong>dae</strong></span> <span class='ocrx_word' id='word_1_73' title='bbox 404 1478 435 1527; x_wconf 86' lang='lat' dir='ltr'><strong>et</strong></span> <span class='ocrx_word' id='word_1_74' title='bbox 455 1462 572 1527; x_wconf 78' lang='lat' dir='ltr'><strong>nostris</strong></span> <span class='ocrx_word' id='word_1_75' title='bbox 593 1483 610 1524; x_wconf 89' lang='lat' dir='ltr'><strong>e</strong></span> <span class='ocrx_word' id='word_1_76' title='bbox 631 1461 802 1544; x_wconf 76' lang='lat' dir='ltr'><strong>provinciis</strong></span> <span class='ocrx_word' id='word_1_77' title='bbox 822 1462 906 1526; x_wconf 81' lang='lat' dir='ltr'><strong>lixas</strong></span> <span class='ocrx_word' id='word_1_78' title='bbox 931 1485 968 1526; x_wconf 87' lang='lat' dir='ltr'><strong>ac</strong></span> <span class='ocrx_word' id='word_1_79' title='bbox 989 1463 1198 1544; x_wconf 80' lang='lat' dir='ltr'><strong>negotiatores</strong></span> <span class='ocrx_word' id='word_1_80' title='bbox 1214 1470 1341 1552; x_wconf 65' lang='lat' dir='ltr'><strong>reperii,</strong></span> 
     </span>
     <span class='ocr_line' id='line_1_12' title="bbox 321 1572 1342 1668; baseline -0.008 -25"><span class='ocrx_word' id='word_1_81' title='bbox 321 1600 402 1663; x_wconf 88' lang='lat' dir='ltr'><strong>quos</strong></span> <span class='ocrx_word' id='word_1_82' title='bbox 421 1582 472 1657; x_wconf 86' lang='lat' dir='ltr'><strong>jus</strong></span> <span class='ocrx_word' id='word_1_83' title='bbox 490 1576 677 1653; x_wconf 80' lang='lat' dir='ltr'><strong>commercii,</strong></span> <span class='ocrx_word' id='word_1_84' title='bbox 701 1572 783 1642; x_wconf 65' lang='lat' dir='ltr'><strong>defin:</strong></span> <span class='ocrx_word' id='word_1_85' title='bbox 795 1572 910 1657; x_wconf 86' lang='lat' dir='ltr'><strong>cupido</strong></span> <span class='ocrx_word' id='word_1_86' title='bbox 932 1574 1067 1657; x_wconf 81' lang='lat' dir='ltr'><strong>augendi</strong></span> <span class='ocrx_word' id='word_1_87' title='bbox 1085 1579 1258 1668; x_wconf 68' lang='lat' dir='ltr'><strong>pecuniam,</strong></span> <span class='ocrx_word' id='word_1_88' title='bbox 1280 1603 1342 1664; x_wconf 78' lang='lat' dir='ltr'><strong>po.</strong></span> 
     </span>
     <span class='ocr_line' id='line_1_13' title="bbox 319 1688 1339 1777; baseline 0.004 -19"><span class='ocrx_word' id='word_1_89' title='bbox 319 1708 469 1758; x_wconf 82' lang='lat' dir='ltr'><strong>suenmm</strong></span> <span class='ocrx_word' id='word_1_90' title='bbox 490 1692 610 1758; x_wconf 78' lang='lat' dir='ltr'><strong>oblivio</strong></span> <span class='ocrx_word' id='word_1_91' title='bbox 630 1688 752 1773; x_wconf 70' lang='lat' dir='ltr'><strong>patriae</strong></span> <span class='ocrx_word' id='word_1_92' title='bbox 770 1689 835 1755; x_wconf 91' lang='lat' dir='ltr'><strong>suis</strong></span> <span class='ocrx_word' id='word_1_93' title='bbox 854 1707 1014 1777; x_wconf 83' lang='lat' dir='ltr'><strong>quemque</strong></span> <span class='ocrx_word' id='word_1_94' title='bbox 1033 1695 1073 1760; x_wconf 89' lang='lat' dir='ltr'><strong>ab</strong></span> <span class='ocrx_word' id='word_1_95' title='bbox 1094 1694 1222 1762; x_wconf 81' lang='lat' dir='ltr'><strong>sedibus</strong></span> <span class='ocrx_word' id='word_1_96' title='bbox 1235 1697 1339 1764; x_wconf 85' lang='lat' dir='ltr'><strong>hosti·</strong></span> 
     </span>
     <span class='ocr_line' id='line_1_14' title="bbox 316 1806 1065 1889; baseline -0.011 -16"><span class='ocrx_word' id='word_1_97' title='bbox 316 1811 412 1874; x_wconf 89' lang='lat' dir='ltr'><strong>lem</strong></span> <span class='ocrx_word' id='word_1_98' title='bbox 401 1832 436 1871; x_wconf 88' lang='grc' dir='ltr'><strong>ιιι</strong></span> <span class='ocrx_word' id='word_1_99' title='bbox 458 1829 567 1889; x_wconf 77' lang='lat' dir='ltr'><strong>agrum</strong></span> <span class='ocrx_word' id='word_1_100' title='bbox 587 1806 853 1870; x_wconf 68' lang='lat' dir='ltr'><strong>transtulerat</strong></span> <span class='ocrx_word' id='word_1_101' title='bbox 1061 1821 1065 1829; x_wconf 89' lang='lat'><strong>·</strong></span> 
     </span>
    </p>

    <p class='ocr_par' dir='ltr' id='par_1_4' title="bbox 234 1855 1414 4060">
     <span class='ocr_line' id='line_1_15' title="bbox 234 1855 1338 2004; baseline 0.006 -21"><span class='ocrx_word' id='word_1_102' title='bbox 234 1937 304 1997; x_wconf 62' lang='lat' dir='ltr'><strong>nos</strong></span> <span class='ocrx_word' id='word_1_103' title='bbox 400 1921 602 1987; x_wconf 80' lang='lat' dir='ltr'><strong>Maroboduo</strong></span> <span class='ocrx_word' id='word_1_104' title='bbox 630 1918 772 2004; x_wconf 88' lang='lat' dir='ltr'><strong>undique</strong></span> <span class='ocrx_word' id='word_1_105' title='bbox 804 1855 929 1984; x_wconf 76' lang='lat' dir='ltr'><strong>deserm</strong></span> <span class='ocrx_word' id='word_1_106' title='bbox 958 1942 1026 1987; x_wconf 86' lang='lat' dir='ltr'><strong>non</strong></span> <span class='ocrx_word' id='word_1_107' title='bbox 1054 1923 1140 1998; x_wconf 79' lang='lat' dir='ltr'><strong>aliud</strong></span> <span class='ocrx_word' id='word_1_108' title='bbox 1162 1861 1338 1992; x_wconf 70' lang='lat' dir='ltr'><strong>subsidium</strong></span> 
     </span>
     <span class='ocr_line' id='line_1_16' title="bbox 316 2034 1337 2121; baseline 0.007 -23"><span class='ocrx_word' id='word_1_109' title='bbox 316 2057 413 2120; x_wconf 84' lang='lat' dir='ltr'><strong>quam</strong></span> <span class='ocrx_word' id='word_1_110' title='bbox 426 2034 639 2098; x_wconf 79' lang='lat' dir='ltr'><strong>misericordia</strong></span> <span class='ocrx_word' id='word_1_111' title='bbox 654 2038 795 2098; x_wconf 64' lang='lat' dir='ltr'><strong>casuris</strong></span> <span class='ocrx_word' id='word_1_112' title='bbox 800 2037 882 2100; x_wconf 79' lang='lat' dir='ltr'><strong>fuit</strong></span> <span class='ocrx_word' id='word_1_113' title='bbox 911 2047 1123 2118; x_wconf 79' lang='lat' dir='ltr'><strong>transgressus</strong></span> <span class='ocrx_word' id='word_1_114' title='bbox 1140 2042 1337 2121; x_wconf 75' lang='lat' dir='ltr'><strong>Danubium,</strong></span> 
     </span>
     <span class='ocr_line' id='line_1_17' title="bbox 315 2147 1337 2235; baseline 0.008 -24"><span class='ocrx_word' id='word_1_115' title='bbox 315 2171 382 2232; x_wconf 85' lang='lat' dir='ltr'><strong>qua</strong></span> <span class='ocrx_word' id='word_1_116' title='bbox 402 2149 543 2212; x_wconf 78' lang='lat' dir='ltr'><strong>noricam</strong></span> <span class='ocrx_word' id='word_1_117' title='bbox 562 2147 942 2233; x_wconf 72' lang='lat' dir='ltr'><strong>prouinciam&#39;praefluit,</strong></span> <span class='ocrx_word' id='word_1_118' title='bbox 963 2154 1086 2235; x_wconf 71' lang='lat' dir='ltr'><strong>scripsit</strong></span> <span class='ocrx_word' id='word_1_119' title='bbox 1102 2154 1249 2231; x_wconf 83' lang='lat' dir='ltr'><strong>Tiberio,</strong></span> <span class='ocrx_word' id='word_1_120' title='bbox 1267 2178 1337 2219; x_wconf 91' lang='lat' dir='ltr'><strong>non</strong></span> 
     </span>
     <span class='ocr_line' id='line_1_18' title="bbox 317 2262 1336 2349; baseline 0.003 -24"><span class='ocrx_word' id='word_1_121' title='bbox 317 2274 352 2326; x_wconf 84' lang='lat' dir='ltr'><strong>ut</strong></span> <span class='ocrx_word' id='word_1_122' title='bbox 373 2264 525 2345; x_wconf 75' lang='lat' dir='ltr'><strong>promgus</strong></span> <span class='ocrx_word' id='word_1_123' title='bbox 547 2274 602 2328; x_wconf 86' lang='lat' dir='ltr'><strong>aut</strong></span> <span class='ocrx_word' id='word_1_124' title='bbox 621 2264 770 2345; x_wconf 76' lang='lat' dir='ltr'><strong>supplex,</strong></span> <span class='ocrx_word' id='word_1_125' title='bbox 782 2262 846 2329; x_wconf 89' lang='lat' dir='ltr'><strong>sed</strong></span> <span class='ocrx_word' id='word_1_126' title='bbox 868 2264 1078 2331; x_wconf 50' lang='lat' dir='ltr'><strong>cmmemoria</strong></span> <span class='ocrx_word' id='word_1_127' title='bbox 1097 2266 1212 2349; x_wconf 82' lang='lat' dir='ltr'><strong>prioris</strong></span> <span class='ocrx_word' id='word_1_128' title='bbox 1231 2267 1336 2330; x_wconf 73' lang='lat' dir='ltr'><strong>fortu-</strong></span> 
     </span>
     <span class='ocr_line' id='line_1_19' title="bbox 316 2376 1414 2466; baseline 0.009 -28"><span class='ocrx_word' id='word_1_129' title='bbox 316 2398 393 2442; x_wconf 79' lang='lat' dir='ltr'><strong>nae:</strong></span> <span class='ocrx_word' id='word_1_130' title='bbox 424 2400 497 2442; x_wconf 85' lang='lat' dir='ltr'><strong>nam</strong></span> <span class='ocrx_word' id='word_1_131' title='bbox 525 2376 630 2442; x_wconf 84' lang='lat' dir='ltr'><strong>multis</strong></span> <span class='ocrx_word' id='word_1_132' title='bbox 658 2379 839 2443; x_wconf 76' lang='lat' dir='ltr'><strong>nationibus</strong></span> <span class='ocrx_word' id='word_1_133' title='bbox 867 2381 1071 2449; x_wconf 83' lang='lat' dir='ltr'><strong>durissimum</strong></span> <span class='ocrx_word' id='word_1_134' title='bbox 1096 2378 1257 2466; x_wconf 85' lang='lat' dir='ltr'><strong>quondam</strong></span> <span class='ocrx_word' id='word_1_135' title='bbox 1283 2405 1336 2447; x_wconf 88' lang='lat' dir='ltr'><strong>re·</strong></span> <span class='ocrx_word' id='word_1_136' title='bbox 1412 2459 1414 2463; x_wconf 85' lang='lat'>.</span> 
     </span>
     <span class='ocr_line' id='line_1_20' title="bbox 315 2493 1335 2581; baseline 0.006 -24"><span class='ocrx_word' id='word_1_137' title='bbox 315 2515 385 2575; x_wconf 75' lang='lat' dir='ltr'><strong>gem</strong></span> <span class='ocrx_word' id='word_1_138' title='bbox 414 2493 454 2558; x_wconf 89' lang='lat' dir='ltr'><strong>ad</strong></span> <span class='ocrx_word' id='word_1_139' title='bbox 481 2504 514 2558; x_wconf 82' lang='lat' dir='ltr'><strong>se</strong></span> <span class='ocrx_word' id='word_1_140' title='bbox 543 2495 732 2560; x_wconf 75' lang='lat' dir='ltr'><strong>vocanubus</strong></span> <span class='ocrx_word' id='word_1_141' title='bbox 757 2517 919 2560; x_wconf 87' lang='lat' dir='ltr'><strong>romanam</strong></span> <span class='ocrx_word' id='word_1_142' title='bbox 946 2497 1126 2563; x_wconf 65' lang='lat' dir='ltr'><strong>amicitiam*</strong></span> <span class='ocrx_word' id='word_1_143' title='bbox 1140 2497 1335 2581; x_wconf 77' lang='lat' dir='ltr'><strong>procudisse.</strong></span> 
     </span>
     <span class='ocr_line' id='line_1_21' title="bbox 313 2612 1333 2695; baseline 0.002 -21"><span class='ocrx_word' id='word_1_144' title='bbox 313 2613 551 2695; x_wconf 79' lang='lat' dir='ltr'><strong>Responsum&#39;a</strong></span> <span class='ocrx_word' id='word_1_145' title='bbox 572 2622 713 2692; x_wconf 85' lang='lat' dir='ltr'><strong>caesare,</strong></span> <span class='ocrx_word' id='word_1_146' title='bbox 732 2625 831 2676; x_wconf 86' lang='lat' dir='ltr'><strong>tutam</strong></span> <span class='ocrx_word' id='word_1_147' title='bbox 853 2612 882 2675; x_wconf 88' lang='lat' dir='ltr'><strong>ei</strong></span> <span class='ocrx_word' id='word_1_148' title='bbox 904 2614 1153 2695; x_wconf 85' lang='lat' dir='ltr'><strong>honoratamque</strong></span> <span class='ocrx_word' id='word_1_149' title='bbox 1172 2612 1276 2679; x_wconf 84' lang='lat' dir='ltr'><strong>sedem</strong></span> <span class='ocrx_word' id='word_1_150' title='bbox 1297 2614 1333 2676; x_wconf 90' lang='lat' dir='ltr'><strong>in</strong></span> 
     </span>
     <span class='ocr_line' id='line_1_22' title="bbox 313 2724 1330 2806; baseline 0.001 -18"><span class='ocrx_word' id='word_1_151' title='bbox 313 2729 400 2790; x_wconf 81' lang='lat' dir='ltr'><strong>ltalia</strong></span> <span class='ocrx_word' id='word_1_152' title='bbox 423 2729 503 2806; x_wconf 82' lang='lat' dir='ltr'><strong>fore,</strong></span> <span class='ocrx_word' id='word_1_153' title='bbox 526 2727 552 2790; x_wconf 88' lang='lat' dir='ltr'><strong>si</strong></span> <span class='ocrx_word' id='word_1_154' title='bbox 572 2742 729 2792; x_wconf 82' lang='lat' dir='ltr'><strong>maneret:</strong></span> <span class='ocrx_word' id='word_1_155' title='bbox 748 2728 800 2792; x_wconf 77' lang='lat' dir='ltr'><strong>&#39;sin</strong></span> <span class='ocrx_word' id='word_1_156' title='bbox 820 2727 915 2788; x_wconf 87' lang='lat' dir='ltr'><strong>rebus</strong></span> <span class='ocrx_word' id='word_1_157' title='bbox 938 2729 1005 2803; x_wconf 88' lang='lat' dir='ltr'><strong>ejus</strong></span> <span class='ocrx_word' id='word_1_158' title='bbox 1024 2724 1112 2789; x_wconf 84' lang='lat' dir='ltr'><strong>aliud</strong></span> <span class='ocrx_word' id='word_1_159' title='bbox 1125 2725 1330 2803; x_wconf 80' lang='lat' dir='ltr'><strong>conduceret,</strong></span> 
     </span>
     <span class='ocr_line' id='line_1_23' title="bbox 313 2836 1332 2927; baseline -0.003 -24"><span class='ocrx_word' id='word_1_160' title='bbox 313 2843 472 2904; x_wconf 81' lang='lat' dir='ltr'><strong>abiturum</strong></span> <span class='ocrx_word' id='word_1_161' title='bbox 492 2839 555 2904; x_wconf 83' lang='lat' dir='ltr'><strong>lide</strong></span> <span class='ocrx_word' id='word_1_162' title='bbox 575 2863 641 2926; x_wconf 78' lang='lat' dir='ltr'><strong>quo</strong></span> <span class='ocrx_word' id='word_1_163' title='bbox 657 2840 803 2927; x_wconf 75' lang='lat' dir='ltr'><strong>venisset.</strong></span> <span class='ocrx_word' id='word_1_164' title='bbox 846 2852 981 2901; x_wconf 86' lang='lat' dir='ltr'><strong>ceterum</strong></span> <span class='ocrx_word' id='word_1_165' title='bbox 1003 2836 1251 2919; x_wconf 82' lang='lat' dir='ltr'><strong>apudsenatum</strong></span> <span class='ocrx_word' id='word_1_166' title='bbox 1268 2837 1332 2900; x_wconf 86' lang='lat' dir='ltr'><strong>dis·</strong></span> 
     </span>
     <span class='ocr_line' id='line_1_24' title="bbox 312 2949 1332 3037; baseline -0.004 -18"><span class='ocrx_word' id='word_1_167' title='bbox 312 2956 410 3019; x_wconf 88' lang='lat' dir='ltr'><strong>seruit</strong></span> <span class='ocrx_word' id='word_1_168' title='bbox 430 2975 496 3019; x_wconf 91' lang='lat' dir='ltr'><strong>non</strong></span> <span class='ocrx_word' id='word_1_169' title='bbox 518 2955 702 3037; x_wconf 86' lang='lat' dir='ltr'><strong>Philippum</strong></span> <span class='ocrx_word' id='word_1_170' title='bbox 720 2949 980 3030; x_wconf 75' lang='lat' dir='ltr'><strong>Atheniensibus,</strong></span> <span class='ocrx_word' id='word_1_171' title='bbox 1007 2973 1081 3016; x_wconf 84' lang='lat' dir='ltr'><strong>non</strong></span> <span class='ocrx_word' id='word_1_172' title='bbox 1094 2953 1254 3034; x_wconf 77' lang='lat' dir='ltr'><strong>Pyrrhum</strong></span> <span class='ocrx_word' id='word_1_173' title='bbox 1277 2964 1332 3015; x_wconf 88' lang='lat' dir='ltr'><strong>aut</strong></span> 
     </span>
     <span class='ocr_line' id='line_1_25' title="bbox 311 3063 1331 3153; baseline -0.001 -22"><span class='ocrx_word' id='word_1_174' title='bbox 311 3070 500 3134; x_wconf 74' lang='lat' dir='ltr'><strong>Antiochum</strong></span> <span class='ocrx_word' id='word_1_175' title='bbox 528 3071 664 3153; x_wconf 63' lang='lat' dir='ltr'><strong>populor</strong></span> <span class='ocrx_word' id='word_1_176' title='bbox 679 3069 824 3132; x_wconf 82' lang='lat' dir='ltr'><strong>Romano</strong></span> <span class='ocrx_word' id='word_1_177' title='bbox 854 3065 987 3149; x_wconf 87' lang='lat' dir='ltr'><strong>perinde</strong></span> <span class='ocrx_word' id='word_1_178' title='bbox 1014 3063 1199 3130; x_wconf 84' lang='lat' dir='ltr'><strong>metuendos</strong></span> <span class='ocrx_word' id='word_1_179' title='bbox 1222 3067 1331 3130; x_wconf 80' lang='lat' dir='ltr'><strong>luisse.</strong></span> 
     </span>
     <span class='ocr_line' id='line_1_26' title="bbox 309 3177 1329 3265; baseline -0.002 -20"><span class='ocrx_word' id='word_1_180' title='bbox 309 3183 420 3248; x_wconf 76' lang='lat' dir='ltr'><strong>Exstat</strong></span> <span class='ocrx_word' id='word_1_181' title='bbox 441 3185 560 3263; x_wconf 86' lang='lat' dir='ltr'><strong>oratio,</strong></span> <span class='ocrx_word' id='word_1_182' title='bbox 592 3204 654 3265; x_wconf 86' lang='lat' dir='ltr'><strong>qua</strong></span> <span class='ocrx_word' id='word_1_183' title='bbox 675 3178 920 3262; x_wconf 79' lang='lat' dir='ltr'><strong>magnitudinem</strong></span> <span class='ocrx_word' id='word_1_184' title='bbox 942 3178 1020 3255; x_wconf 71' lang='lat' dir='ltr'><strong>uiri,</strong></span> <span class='ocrx_word' id='word_1_185' title='bbox 1048 3177 1236 3241; x_wconf 63' lang='lat' dir='ltr'><strong>uiolentiam.</strong></span> <span class='ocrx_word' id='word_1_186' title='bbox 1252 3183 1329 3244; x_wconf 77' lang='lat' dir='ltr'><strong>sus·</strong></span> 
     </span>
     <span class='ocr_line' id='line_1_27' title="bbox 307 3288 1327 3378; baseline -0.006 -16"><span class='ocrx_word' id='word_1_187' title='bbox 307 3304 458 3378; x_wconf 78' lang='lat' dir='ltr'><strong>jactorum</strong></span> <span class='ocrx_word' id='word_1_188' title='bbox 479 3300 509 3361; x_wconf 90' lang='lat' dir='ltr'><strong>ei</strong></span> <span class='ocrx_word' id='word_1_189' title='bbox 538 3295 675 3378; x_wconf 80' lang='lat' dir='ltr'><strong>gentium</strong></span> <span class='ocrx_word' id='word_1_190' title='bbox 698 3306 848 3376; x_wconf 82' lang='lat' dir='ltr'><strong>atquem</strong></span> <span class='ocrx_word' id='word_1_191' title='bbox 875 3290 1076 3372; x_wconf 87' lang='lat' dir='ltr'><strong>propinquus</strong></span> <span class='ocrx_word' id='word_1_192' title='bbox 1100 3288 1327 3356; x_wconf 80' lang='lat' dir='ltr'><strong>Italiaehostis</strong></span> 
     </span>
     <span class='ocr_line' id='line_1_28' title="bbox 307 3402 1327 3497; baseline -0.006 -21"><span class='ocrx_word' id='word_1_193' title='bbox 307 3433 426 3497; x_wconf 82' lang='lat' dir='ltr'><strong>suaque</strong></span> <span class='ocrx_word' id='word_1_194' title='bbox 453 3413 488 3473; x_wconf 89' lang='lat' dir='ltr'><strong>in</strong></span> <span class='ocrx_word' id='word_1_195' title='bbox 516 3405 705 3472; x_wconf 85' lang='lat' dir='ltr'><strong>destruendo</strong></span> <span class='ocrx_word' id='word_1_196' title='bbox 722 3416 774 3468; x_wconf 86' lang='lat' dir='ltr'><strong>&#39;eo</strong></span> <span class='ocrx_word' id='word_1_197' title='bbox 791 3404 925 3466; x_wconf 81' lang='lat' dir='ltr'><strong>‘consilia</strong></span> <span class='ocrx_word' id='word_1_198' title='bbox 946 3404 1067 3467; x_wconf 80' lang='lat' dir='ltr'><strong>extulit.</strong></span> <span class='ocrx_word' id='word_1_199' title='bbox 1101 3402 1154 3465; x_wconf 74' lang='lat' dir='ltr'><strong>‘Et</strong></span> <span class='ocrx_word' id='word_1_200' title='bbox 1173 3405 1327 3469; x_wconf 65' lang='lat' dir='ltr'><strong>Muobu</strong></span> 
     </span>
     <span class='ocr_line' id='line_1_29' title="bbox 306 3515 1327 3610; baseline -0.008 -20"><span class='ocrx_word' id='word_1_201' title='bbox 306 3526 387 3590; x_wconf 90' lang='lat' dir='ltr'><strong>duus</strong></span> <span class='ocrx_word' id='word_1_202' title='bbox 411 3521 537 3610; x_wconf 86' lang='lat' dir='ltr'><strong>quidem</strong></span> <span class='ocrx_word' id='word_1_203' title='bbox 559 3522 732 3583; x_wconf 81' lang='lat' dir='ltr'><strong>Ravennae</strong></span> <span class='ocrx_word' id='word_1_204' title='bbox 748 3516 884 3594; x_wconf 85' lang='lat' dir='ltr'><strong>habitus,</strong></span> <span class='ocrx_word' id='word_1_205' title='bbox 904 3517 932 3580; x_wconf 87' lang='lat' dir='ltr'><strong>si</strong></span> <span class='ocrx_word' id='word_1_206' title='bbox 954 3515 1082 3600; x_wconf 88' lang='lat' dir='ltr'><strong>quando</strong></span> <span class='ocrx_word' id='word_1_207' title='bbox 1103 3517 1327 3582; x_wconf 83' lang='lat' dir='ltr'><strong>insolescerent</strong></span> 
     </span>
     <span class='ocr_line' id='line_1_30' title="bbox 304 3628 1323 3717; baseline -0.008 -16"><span class='ocrx_word' id='word_1_208' title='bbox 304 3637 416 3716; x_wconf 85' lang='lat' dir='ltr'><strong>Suevi,</strong></span> <span class='ocrx_word' id='word_1_209' title='bbox 451 3635 541 3717; x_wconf 88' lang='lat' dir='ltr'><strong>quasi</strong></span> <span class='ocrx_word' id='word_1_210' title='bbox 570 3628 743 3693; x_wconf 80' lang='lat' dir='ltr'><strong>rediturus</strong></span> <span class='ocrx_word' id='word_1_211' title='bbox 760 3629 796 3691; x_wconf 87' lang='lat' dir='ltr'><strong>in</strong></span> <span class='ocrx_word' id='word_1_212' title='bbox 827 3649 961 3708; x_wconf 83' lang='lat' dir='ltr'><strong>regnum</strong></span> <span class='ocrx_word' id='word_1_213' title='bbox 993 3633 1216 3697; x_wconf 72' lang='lat' dir='ltr'><strong>ostentabatur.</strong></span> <span class='ocrx_word' id='word_1_214' title='bbox 1267 3629 1323 3694; x_wconf 89' lang='lat' dir='ltr'><strong>sed</strong></span> 
     </span>
     <span class='ocr_line' id='line_1_31' title="bbox 303 3743 1323 3828; baseline -0.006 -16"><span class='ocrx_word' id='word_1_215' title='bbox 303 3770 369 3813; x_wconf 91' lang='lat' dir='ltr'><strong>non</strong></span> <span class='ocrx_word' id='word_1_216' title='bbox 392 3747 524 3811; x_wconf 82' lang='lat' dir='ltr'><strong>excessit</strong></span> <span class='ocrx_word' id='word_1_217' title='bbox 548 3747 641 3811; x_wconf 85' lang='lat' dir='ltr'><strong>ltalia</strong></span> <span class='ocrx_word' id='word_1_218' title='bbox 657 3768 716 3828; x_wconf 85' lang='lat' dir='ltr'><strong>per</strong></span> <span class='ocrx_word' id='word_1_219' title='bbox 735 3743 951 3826; x_wconf 80' lang='lat' dir='ltr'><strong>duodeviginti</strong></span> <span class='ocrx_word' id='word_1_220' title='bbox 972 3767 1073 3811; x_wconf 89' lang='lat' dir='ltr'><strong>annos</strong></span> <span class='ocrx_word' id='word_1_221' title='bbox 1096 3745 1323 3828; x_wconf 83' lang='lat' dir='ltr'><strong>consenuitque</strong></span> 
     </span>
     <span class='ocr_line' id='line_1_32' title="bbox 300 3859 1322 3942; baseline -0.002 -17"><span class='ocrx_word' id='word_1_222' title='bbox 300 3864 436 3925; x_wconf 77' lang='lat' dir='ltr'><strong>mcdt&#39;um‘</strong></span> <span class='ocrx_word' id='word_1_223' title='bbox 460 3859 624 3924; x_wconf 82' lang='lat' dir='ltr'><strong>imminuta</strong></span> <span class='ocrx_word' id='word_1_224' title='bbox 655 3862 794 3927; x_wconf 81' lang='lat' dir='ltr'><strong>claritate</strong></span> <span class='ocrx_word' id='word_1_225' title='bbox 814 3864 866 3927; x_wconf 73' lang='lat' dir='ltr'><strong>,ob</strong></span> <span class='ocrx_word' id='word_1_226' title='bbox 895 3861 1025 3925; x_wconf 85' lang='lat' dir='ltr'><strong>nimiam</strong></span> <span class='ocrx_word' id='word_1_227' title='bbox 1051 3859 1179 3925; x_wconf 80' lang='lat' dir='ltr'><strong>vivendi</strong></span> <span class='ocrx_word' id='word_1_228' title='bbox 1200 3859 1322 3942; x_wconf 84' lang='lat' dir='ltr'><strong>cupidi-</strong></span> 
     </span>
     <span class='ocr_line' id='line_1_33' title="bbox 298 3972 1322 4060; baseline 0.001 -22"><span class='ocrx_word' id='word_1_229' title='bbox 298 3997 382 4039; x_wconf 87' lang='lat' dir='ltr'><strong>nem.</strong></span> <span class='ocrx_word' id='word_1_230' title='bbox 435 3972 522 4038; x_wconf 87' lang='lat' dir='ltr'><strong>Idem</strong></span> <span class='ocrx_word' id='word_1_231' title='bbox 556 3973 726 4041; x_wconf 81' lang='lat' dir='ltr'><strong>Catualdae</strong></span> <span class='ocrx_word' id='word_1_232' title='bbox 756 3996 845 4041; x_wconf 86' lang='lat' dir='ltr'><strong>casus</strong></span> <span class='ocrx_word' id='word_1_233' title='bbox 877 3996 982 4060; x_wconf 84' lang='lat' dir='ltr'><strong>neque</strong></span> <span class='ocrx_word' id='word_1_234' title='bbox 1014 3972 1100 4037; x_wconf 87' lang='lat' dir='ltr'><strong>aliud</strong></span> <span class='ocrx_word' id='word_1_235' title='bbox 1133 3974 1322 4055; x_wconf 75' lang='lat' dir='ltr'><strong>perhsgium.</strong></span> 
     </span>
    </p>
   </div>
   <div class='ocr_carea' id='block_1_3' title="bbox 0 0 1472 4625">
    <p class='ocr_par' dir='ltr' id='par_1_5' title="bbox 0 0 1472 4625">
     <span class='ocr_line' id='line_1_34' title="bbox 0 0 1472 4625; baseline 0 9"><span class='ocrx_word' id='word_1_236' title='bbox 0 0 1472 4625; x_wconf 95' lang='lat' dir='ltr'><strong> </strong></span> 
     </span>
    </p>
   </div>
  </div>
 </body>
</html>
