2934 4625
556 250 790 369 annulum
1172 307 1195 372 s

174 482 243 544 aliis
270 482 402 544 aliarum
428 481 592 545 nationum
617 482 784 544 connubiis
813 480 945 543 infectos
972 480 1134 562 propriam
1164 493 1194 541 et

173 601 326 662 sinceram
354 612 385 661 et
412 612 534 662 tantum
562 593 612 660 sui
634 598 768 660 similem
789 609 912 677 gentem
935 597 1088 659 exstitisse
1111 596 1194 660 arbi·

171 726 305 775 trantur.
347 712 441 775 Unde
468 711 595 774 habitus
626 732 755 795 quoque
784 731 969 792 corporum,
1012 732 1193 794 quanquam

171 828 205 887 in
235 840 321 888 tanto
350 827 515 889 hominum
545 845 695 902 numero,
724 825 825 888 idem:
857 825 1003 888 omnibus
1031 837 1135 889 truces
1165 839 1197 889 et

173 941 312 1001 coerulei
333 939 432 1015 oculi,
454 940 566 1000 rutilae
589 957 711 1014 comae,
731 959 844 1017 magna
867 958 1001 1020 corpora
1022 951 1053 1001 et
1073 952 1196 1002 tantum

174 1051 214 1113 ad
236 1054 388 1133 impetum
408 1051 522 1114 valida.
562 1051 682 1112 laboris
712 1063 807 1133 atque
837 1071 969 1133 operum
993 1073 1060 1115 non
1088 1053 1197 1117 eadem

172 1168 338 1252 patientia,
368 1168 559 1249 minimeque
581 1166 663 1229 sitim
688 1180 872 1251 aestumque
894 1171 1049 1248 tolerare,
1078 1170 1197 1250 frigora

174 1297 267 1367 atque
289 1281 426 1343 inediam
448 1284 536 1344 coelo
559 1284 667 1345 solove
690 1294 907 1343 assueverunt.

258 1402 359 1463 Terra
389 1401 446 1461 etsi
476 1400 635 1482 aliquanto
664 1399 767 1480 specie
797 1397 916 1477 differt,
950 1399 984 1459 in
1014 1385 1227 1463 universum5

173 1530 278 1580 tamen
301 1528 355 1578 aut
376 1516 461 1580 silvis
483 1514 614 1579 horrida
635 1527 690 1577 aut
709 1513 878 1595 paludibus
901 1515 1004 1594 foeda,
1027 1516 1197 1596 humidior,

175 1653 239 1714 qua
270 1629 404 1708 Gallias,
441 1630 619 1707 ventosior,
656 1648 719 1708 qua
749 1626 902 1688 Noricum
935 1651 970 1689 ac
1001 1630 1198 1691 Pannoniam

176 1745 300 1825 aspicit3
322 1742 396 1804 satis
416 1744 524 1819 ferax,
542 1742 830 1824 frugiferarumque
853 1745 1003 1804 arborum
1023 1743 1198 1823 impatiens,

175 1879 327 1943 pecorum
353 1856 507 1935 fecunda,
537 1858 591 1919 sed
623 1859 810 1942 plerumque
839 1860 1024 1940 improcera.
1076 1862 1126 1925 Ne
1149 1882 1200 1922 ar·

175 1974 288 2035 mentis
310 1970 438 2056 quidem
460 1992 535 2034 suus
562 1974 669 2033 honor
696 1984 753 2033 aut
774 1973 874 2051 gloria
894 1974 1026 2037 frontis:
1066 1996 1199 2038 numero

176 2085 321 2167 gaudent,
344 2106 463 2167 eaeque
486 2086 571 2147 solae
594 2097 625 2146 et
646 2086 838 2163 gratissimae
859 2105 936 2167 opes
956 2100 1041 2151 sunt.
1080 2090 1201 2169 Argen·

176 2214 296 2266 tumet
320 2221 432 2261 aurum
454 2200 625 2281 propitiine
648 2220 688 2260 an
709 2198 781 2260 irati
809 2196 853 2261 dii
873 2204 1056 2281 negaverint
1079 2201 1201 2267 dubito.

177 2338 234 2378 nec
262 2330 367 2378 tamen
394 2315 629 2390 affirmaverim,
659 2315 778 2374 nullam
802 2314 989 2376 Germaniae
1011 2338 1125 2379 venam
1150 2339 1200 2377 ar·

177 2443 304 2511 gentum
325 2449 477 2490 aurumve
497 2428 639 2505 gignere3
664 2428 733 2506 quis
755 2428 837 2486 enim
861 2441 1015 2492 scrutatus
1034 2426 1101 2491 est?
1125 2452 1200 2512 pos-

178 2546 314 2607 sessione
345 2554 376 2604 et
406 2561 466 2602 usu
494 2540 580 2602 haud
613 2540 745 2622 perinde
775 2542 964 2606 afficiuntur.
1017 2556 1065 2606 est
1093 2545 1199 2609 videre

179 2656 264 2738 apud
286 2658 357 2719 illos
380 2666 526 2735 argentea
548 2675 638 2731 vasa,
669 2654 777 2734 legatis
807 2667 838 2716 et
865 2657 1061 2738 principibus
1091 2668 1199 2721 e'orum

179 2772 304 2832 muneri
326 2769 411 2846 date,
436 2788 501 2830 non
522 2769 556 2829 in
578 2767 639 2828 alia
658 2768 778 2831 vilitate
800 2790 896 2851 quam
918 2790 999 2853 quae
1020 2774 1118 2834 hucne
1141 2773 1200 2833 iin-

180 2897 306 2965 guntur.
358 2902 539 2966 quanquam
568 2879 706 2961 proximi
739 2883 780 2942 ob
813 2902 906 2943 usum
942 2886 1201 2947 commerciorum

180 3020 293 3061 aurum
315 3012 345 3060 et
369 3010 532 3078 argentum
558 2997 593 3057 in
623 2996 724 3076 pretio
753 2998 871 3059 habent
898 3000 1080 3084 formasque
1107 3021 1202 3083 quas-

181 3113 265 3209 dam,
278 3127 404 3177 nostrae
426 3114 578 3195 pecuniae
600 3125 773 3192 agnoscunt
794 3126 887 3196 atque
910 3115 1044 3194 eligunt:
1072 3115 1202 3179 interio-

179 3252 230 3292 res
253 3231 424 3310 simplicius
446 3242 476 3290 et
498 3229 657 3311 antiquius
678 3232 910 3311 permutatione
934 3229 1084 3292 mercium
1108 3242 1203 3291 utun·

180 3356 241 3405 tur.
263 3344 433 3405 Pecuniam
453 3344 590 3423 probant
610 3355 750 3405 veterem
772 3357 803 3405 et
831 3344 886 3405 diu
911 3356 1035 3422 notam,
1066 3358 1203 3407 serratos

180 3458 374 3541 bigatosque.
416 3457 587 3535 Argentum
611 3477 738 3539 quoque
767 3458 864 3537 magis
894 3478 987 3540 quam
1015 3480 1127 3520 aurum
1154 3479 1204 3520 se·

39 3564 43 3571 ’
111 3647 113 3651 y
181 3580 333 3651 quumur,
354 3568 619 3632 nullaallectione
638 3569 742 3645 animi,
762 3567 816 3631 sed
835 3571 909 3656 quia
927 3593 1077 3635 numerus
1094 3594 1204 3652 argen-
1255 3608 1257 3611 ·

182 3697 306 3745 teorum
329 3681 450 3743 facilior
471 3683 544 3742 usui
564 3694 610 3743 est
630 3682 807 3763 promiscua
830 3706 864 3746 ac
888 3686 963 3747 vilia
984 3687 1204 3748 mercantibus.

266 3798 315 3860 Ne
337 3799 457 3859 ferrum
486 3795 613 3880 quidem
637 3811 795 3879 superest,
827 3800 905 3861 sicut
931 3820 970 3860 ex
991 3821 1104 3879 genere
1125 3802 1234 3860 telo-6

182 3937 256 3977 rum
273 3916 447 3995 colligitur:
480 3913 556 3976 Rari
575 3913 683 3994 gladiis
707 3928 762 3977 aut
782 3916 953 3994 majoribus
974 3917 1089 3978 lanceis
1111 3927 1205 3974 utun·

182 4042 251 4092 tur:
283 4030 401 4108 hastas,
422 4030 474 4094 vel
494 4028 637 4111 ipsorum
659 4031 813 4093 vocabulo
842 4031 991 4107 frameas,
1017 4040 1128 4107 gerunt
1149 4047 1205 4086 an·

902 4145 948 4206 1*
