<?xml version="1.0" encoding="UTF-8"?>
<!DOCTYPE html PUBLIC "-//W3C//DTD XHTML 1.0 Transitional//EN"
    "http://www.w3.org/TR/xhtml1/DTD/xhtml1-transitional.dtd">
<html xmlns="http://www.w3.org/1999/xhtml" xml:lang="en" lang="en">
 <head>
  <title>
</title>
<meta http-equiv="Content-Type" content="text/html;charset=utf-8" />
  <meta name='ocr-system' content='tesseract 3.04.00' />
  <meta name='ocr-capabilities' content='ocr_page ocr_carea ocr_par ocr_line ocrx_word'/>
</head>
<body>
  <div class='ocr_page' id='page_1' title='image "./tacitigermania02grimgoog_0117.png"; bbox 0 0 2934 4625; ppageno 0'>
   <div class='ocr_carea' id='block_1_1' title="bbox 514 206 1188 279">
    <p class='ocr_par' dir='ltr' id='par_1_1' title="bbox 514 206 1188 279">
     <span class='ocr_line' id='line_1_1' title="bbox 514 206 1188 279; baseline 0.004 -5"><span class='ocrx_word' id='word_1_1' title='bbox 514 206 577 274; x_wconf 75' lang='lat' dir='ltr'>Ex</span> <span class='ocrx_word' id='word_1_2' title='bbox 599 206 843 277; x_wconf 72' lang='lat' dir='ltr'>HIS&#39;l&#39;ORllSv</span> <span class='ocrx_word' id='word_1_3' title='bbox 1049 253 1056 262; x_wconf 84' lang='lat'>-</span> <span class='ocrx_word' id='word_1_4' title='bbox 1126 211 1188 279; x_wconf 80' lang='lat'>103</span> 
     </span>
    </p>
   </div>
   <div class='ocr_carea' id='block_1_2' title="bbox 152 365 1268 4001">
    <p class='ocr_par' dir='ltr' id='par_1_2' title="bbox 159 365 1188 1720">
     <span class='ocr_line' id='line_1_2' title="bbox 164 365 1187 470; baseline 0.006 -24"><span class='ocrx_word' id='word_1_5' title='bbox 164 385 253 447; x_wconf 88' lang='lat' dir='ltr'>bium</span> <span class='ocrx_word' id='word_1_6' title='bbox 287 383 410 448; x_wconf 86' lang='lat' dir='ltr'>sociatis</span> <span class='ocrx_word' id='word_1_7' title='bbox 444 384 563 470; x_wconf 89' lang='lat' dir='ltr'>quique</span> <span class='ocrx_word' id='word_1_8' title='bbox 590 406 666 448; x_wconf 84' lang='lat' dir='ltr'>mox</span> <span class='ocrx_word' id='word_1_9' title='bbox 694 406 870 468; x_wconf 80' lang='lat' dir='ltr'>provenere</span> <span class='ocrx_word' id='word_1_10' title='bbox 887 365 974 449; x_wconf 32' lang='lat' dir='ltr'>&#39;haec</span> <span class='ocrx_word' id='word_1_11' title='bbox 1003 387 1104 468; x_wconf 86' lang='lat' dir='ltr'>patria</span> <span class='ocrx_word' id='word_1_12' title='bbox 1133 404 1187 468; x_wconf 90' lang='lat' dir='ltr'>est,</span> 
     </span>
     <span class='ocr_line' id='line_1_3' title="bbox 164 496 1188 583; baseline 0.01 -25"><span class='ocrx_word' id='word_1_13' title='bbox 164 519 222 559; x_wconf 90' lang='lat' dir='ltr'>nee</span> <span class='ocrx_word' id='word_1_14' title='bbox 243 518 300 563; x_wconf 82' lang='lat' dir='ltr'>vos</span> <span class='ocrx_word' id='word_1_15' title='bbox 324 496 403 561; x_wconf 91' lang='lat' dir='ltr'>adeo</span> <span class='ocrx_word' id='word_1_16' title='bbox 424 498 552 583; x_wconf 85' lang='lat' dir='ltr'>iniquos</span> <span class='ocrx_word' id='word_1_17' title='bbox 580 498 811 580; x_wconf 84' lang='lat' dir='ltr'>existimamus,</span> <span class='ocrx_word' id='word_1_18' title='bbox 841 514 877 563; x_wconf 86' lang='lat' dir='ltr'>ut</span> <span class='ocrx_word' id='word_1_19' title='bbox 896 500 1027 565; x_wconf 87' lang='lat' dir='ltr'>interfici</span> <span class='ocrx_word' id='word_1_20' title='bbox 1049 525 1067 564; x_wconf 89' lang='lat' dir='ltr'>a</span> <span class='ocrx_word' id='word_1_21' title='bbox 1095 506 1188 568; x_wconf 85' lang='lat' dir='ltr'>nobis</span> 
     </span>
     <span class='ocr_line' id='line_1_4' title="bbox 163 614 1187 697; baseline 0.006 -24"><span class='ocrx_word' id='word_1_22' title='bbox 163 625 325 694; x_wconf 88' lang='lat' dir='ltr'>parentes,</span> <span class='ocrx_word' id='word_1_23' title='bbox 363 615 493 694; x_wconf 88' lang='lat' dir='ltr'>fratres,</span> <span class='ocrx_word' id='word_1_24' title='bbox 527 615 645 678; x_wconf 90' lang='lat' dir='ltr'>liberos</span> <span class='ocrx_word' id='word_1_25' title='bbox 676 627 807 678; x_wconf 83' lang='lat' dir='ltr'>nostros</span> <span class='ocrx_word' id='word_1_26' title='bbox 835 614 948 680; x_wconf 83' lang='lat' dir='ltr'>velitis.</span> <span class='ocrx_word' id='word_1_27' title='bbox 997 615 1127 697; x_wconf 83' lang='lat' dir='ltr'>vectigal</span> <span class='ocrx_word' id='word_1_28' title='bbox 1156 621 1187 681; x_wconf 81' lang='lat' dir='ltr'>et</span> 
     </span>
     <span class='ocr_line' id='line_1_5' title="bbox 164 728 1187 794; baseline 0.006 -6"><span class='ocrx_word' id='word_1_29' title='bbox 164 747 262 788; x_wconf 86' lang='lat' dir='ltr'>onera</span> <span class='ocrx_word' id='word_1_30' title='bbox 283 728 542 791; x_wconf 84' lang='lat' dir='ltr'>commerciorum</span> <span class='ocrx_word' id='word_1_31' title='bbox 562 730 759 793; x_wconf 79' lang='lat' dir='ltr'>resolvimus.</span> <span class='ocrx_word' id='word_1_32' title='bbox 777 749 781 756; x_wconf 91' lang='grc'><em>·</em></span> <span class='ocrx_word' id='word_1_33' title='bbox 801 730 864 792; x_wconf 90' lang='lat' dir='ltr'>sint</span> <span class='ocrx_word' id='word_1_34' title='bbox 879 731 1028 792; x_wconf 77' lang='lat' dir='ltr'>transitus</span> <span class='ocrx_word' id='word_1_35' title='bbox 1048 730 1187 794; x_wconf 86' lang='lat' dir='ltr'>incusto-</span> 
     </span>
     <span class='ocr_line' id='line_1_6' title="bbox 163 839 1187 923; baseline 0.005 -22"><span class='ocrx_word' id='word_1_36' title='bbox 163 839 230 920; x_wconf 86' lang='lat' dir='ltr'>diti,</span> <span class='ocrx_word' id='word_1_37' title='bbox 255 840 310 905; x_wconf 90' lang='lat' dir='ltr'>sed</span> <span class='ocrx_word' id='word_1_38' title='bbox 334 840 440 904; x_wconf 90' lang='lat' dir='ltr'>diurni</span> <span class='ocrx_word' id='word_1_39' title='bbox 461 857 493 905; x_wconf 94' lang='lat' dir='ltr'>et</span> <span class='ocrx_word' id='word_1_40' title='bbox 517 843 662 923; x_wconf 87' lang='lat' dir='ltr'>inermes,</span> <span class='ocrx_word' id='word_1_41' title='bbox 684 843 785 907; x_wconf 89' lang='lat' dir='ltr'>donec</span> <span class='ocrx_word' id='word_1_42' title='bbox 806 863 890 908; x_wconf 84' lang='lat' dir='ltr'>nova</span> <span class='ocrx_word' id='word_1_43' title='bbox 911 857 942 906; x_wconf 89' lang='lat' dir='ltr'>et</span> <span class='ocrx_word' id='word_1_44' title='bbox 961 839 1096 906; x_wconf 75' lang='lat' dir='ltr'>recentia</span> <span class='ocrx_word' id='word_1_45' title='bbox 1116 848 1187 921; x_wconf 88' lang='lat' dir='ltr'>jura</span> 
     </span>
     <span class='ocr_line' id='line_1_7' title="bbox 160 957 1186 1024; baseline 0.001 -7"><span class='ocrx_word' id='word_1_46' title='bbox 160 957 196 1018; x_wconf 91' lang='lat' dir='ltr'>in</span> <span class='ocrx_word' id='word_1_47' title='bbox 224 965 411 1021; x_wconf 79' lang='lat' dir='ltr'>vetustatem</span> <span class='ocrx_word' id='word_1_48' title='bbox 440 959 664 1024; x_wconf 88' lang='lat' dir='ltr'>consuetudine</span> <span class='ocrx_word' id='word_1_49' title='bbox 693 971 877 1023; x_wconf 71' lang='lat' dir='ltr'>vertantur.</span> <span class='ocrx_word' id='word_1_50' title='bbox 895 969 898 974; x_wconf 77' lang='grc'><strong><em>’</em></strong></span> <span class='ocrx_word' id='word_1_51' title='bbox 915 958 1068 1019; x_wconf 88' lang='lat' dir='ltr'>arbitrum</span> <span class='ocrx_word' id='word_1_52' title='bbox 1090 959 1186 1020; x_wconf 87' lang='lat' dir='ltr'>habe·</span> 
     </span>
     <span class='ocr_line' id='line_1_8' title="bbox 162 1055 1188 1154; baseline 0.003 -25"><span class='ocrx_word' id='word_1_53' title='bbox 162 1070 265 1131; x_wconf 90' lang='lat' dir='ltr'>bimus</span> <span class='ocrx_word' id='word_1_54' title='bbox 289 1069 420 1133; x_wconf 88' lang='lat' dir='ltr'>Civilem</span> <span class='ocrx_word' id='word_1_55' title='bbox 440 1085 470 1133; x_wconf 91' lang='lat' dir='ltr'>et</span> <span class='ocrx_word' id='word_1_56' title='bbox 488 1070 652 1148; x_wconf 84' lang='lat' dir='ltr'>Veledam,</span> <span class='ocrx_word' id='word_1_57' title='bbox 672 1055 757 1153; x_wconf 86' lang='lat' dir='ltr'>apud</span> <span class='ocrx_word' id='word_1_58' title='bbox 778 1092 858 1154; x_wconf 86' lang='lat' dir='ltr'>quos</span> <span class='ocrx_word' id='word_1_59' title='bbox 878 1083 970 1152; x_wconf 86' lang='lat' dir='ltr'>pacta</span> <span class='ocrx_word' id='word_1_60' title='bbox 990 1055 1188 1133; x_wconf 62' lang='lat' dir='ltr'>saucientur?</span> 
     </span>
     <span class='ocr_line' id='line_1_9' title="bbox 163 1181 1186 1266; baseline 0.001 -23"><span class='ocrx_word' id='word_1_61' title='bbox 163 1182 213 1243; x_wconf 84' lang='lat' dir='ltr'>Sic</span> <span class='ocrx_word' id='word_1_62' title='bbox 233 1184 336 1245; x_wconf 89' lang='lat' dir='ltr'>lenitis</span> <span class='ocrx_word' id='word_1_63' title='bbox 358 1184 520 1247; x_wconf 75' lang='lat' dir='ltr'>Tencteris</span> <span class='ocrx_word' id='word_1_64' title='bbox 541 1183 634 1266; x_wconf 86' lang='lat' dir='ltr'>legati</span> <span class='ocrx_word' id='word_1_65' title='bbox 654 1181 694 1246; x_wconf 89' lang='lat' dir='ltr'>ad</span> <span class='ocrx_word' id='word_1_66' title='bbox 716 1181 848 1246; x_wconf 84' lang='lat' dir='ltr'>Civilem</span> <span class='ocrx_word' id='word_1_67' title='bbox 876 1196 907 1247; x_wconf 94' lang='lat' dir='ltr'>et</span> <span class='ocrx_word' id='word_1_68' title='bbox 927 1181 1080 1247; x_wconf 81' lang='lat' dir='ltr'>Veledam</span> <span class='ocrx_word' id='word_1_69' title='bbox 1100 1183 1186 1246; x_wconf 90' lang='lat' dir='ltr'>missi</span> 
     </span>
     <span class='ocr_line' id='line_1_10' title="bbox 162 1296 1186 1379; baseline -0.002 -19"><span class='ocrx_word' id='word_1_70' title='bbox 162 1319 233 1360; x_wconf 92' lang='lat' dir='ltr'>cum</span> <span class='ocrx_word' id='word_1_71' title='bbox 260 1296 353 1361; x_wconf 91' lang='lat' dir='ltr'>donis</span> <span class='ocrx_word' id='word_1_72' title='bbox 382 1312 491 1362; x_wconf 90' lang='lat' dir='ltr'>cuncta</span> <span class='ocrx_word' id='word_1_73' title='bbox 520 1321 559 1362; x_wconf 85' lang='lat' dir='ltr'>ex</span> <span class='ocrx_word' id='word_1_74' title='bbox 585 1302 747 1363; x_wconf 86' lang='lat' dir='ltr'>voluntate</span> <span class='ocrx_word' id='word_1_75' title='bbox 771 1297 1046 1379; x_wconf 82' lang='lat' dir='ltr'>Agrippinensium</span> <span class='ocrx_word' id='word_1_76' title='bbox 1073 1305 1186 1379; x_wconf 88' lang='lat' dir='ltr'>perpe·</span> 
     </span>
     <span class='ocr_line' id='line_1_11' title="bbox 160 1409 1186 1492; baseline 0 -20"><span class='ocrx_word' id='word_1_77' title='bbox 160 1424 294 1474; x_wconf 86' lang='lat' dir='ltr'>travere.</span> <span class='ocrx_word' id='word_1_78' title='bbox 337 1410 392 1474; x_wconf 90' lang='lat' dir='ltr'>sed</span> <span class='ocrx_word' id='word_1_79' title='bbox 415 1432 521 1473; x_wconf 89' lang='lat' dir='ltr'>coram</span> <span class='ocrx_word' id='word_1_80' title='bbox 543 1409 629 1474; x_wconf 82' lang='lat' dir='ltr'>adire</span> <span class='ocrx_word' id='word_1_81' title='bbox 652 1411 834 1492; x_wconf 86' lang='lat' dir='ltr'>alloquique</span> <span class='ocrx_word' id='word_1_82' title='bbox 855 1409 1008 1473; x_wconf 78' lang='lat' dir='ltr'>Veledam</span> <span class='ocrx_word' id='word_1_83' title='bbox 1030 1422 1186 1491; x_wconf 88' lang='lat' dir='ltr'>negatum.</span> 
     </span>
     <span class='ocr_line' id='line_1_12' title="bbox 160 1525 1185 1608; baseline -0.003 -21"><span class='ocrx_word' id='word_1_84' title='bbox 160 1527 349 1588; x_wconf 83' lang='lat' dir='ltr'>arcebantur</span> <span class='ocrx_word' id='word_1_85' title='bbox 369 1539 513 1607; x_wconf 84' lang='lat' dir='ltr'>aspectu,</span> <span class='ocrx_word' id='word_1_86' title='bbox 540 1547 604 1608; x_wconf 90' lang='lat' dir='ltr'>quo</span> <span class='ocrx_word' id='word_1_87' title='bbox 626 1525 931 1606; x_wconf 76' lang='lat' dir='ltr'>venerationis&#39;plus</span> <span class='ocrx_word' id='word_1_88' title='bbox 951 1527 1075 1587; x_wconf 87' lang='lat' dir='ltr'>inesset.</span> <span class='ocrx_word' id='word_1_89' title='bbox 1116 1525 1185 1605; x_wconf 85' lang='lat' dir='ltr'>ipsa</span> 
     </span>
     <span class='ocr_line' id='line_1_13' title="bbox 159 1637 1185 1720; baseline -0.001 -20"><span class='ocrx_word' id='word_1_90' title='bbox 159 1637 243 1700; x_wconf 89' lang='lat' dir='ltr'>edita</span> <span class='ocrx_word' id='word_1_91' title='bbox 264 1639 299 1700; x_wconf 92' lang='lat' dir='ltr'>in</span> <span class='ocrx_word' id='word_1_92' title='bbox 320 1652 425 1702; x_wconf 88' lang='lat' dir='ltr'>turre:</span> <span class='ocrx_word' id='word_1_93' title='bbox 447 1637 585 1702; x_wconf 84' lang='lat' dir='ltr'>delectus</span> <span class='ocrx_word' id='word_1_94' title='bbox 606 1660 624 1700; x_wconf 92' lang='lat' dir='ltr'>e</span> <span class='ocrx_word' id='word_1_95' title='bbox 645 1637 834 1720; x_wconf 88' lang='lat' dir='ltr'>propinquis</span> <span class='ocrx_word' id='word_1_96' title='bbox 856 1639 998 1700; x_wconf 85' lang='lat' dir='ltr'>consulta</span> <span class='ocrx_word' id='word_1_97' title='bbox 1018 1657 1185 1719; x_wconf 89' lang='lat' dir='ltr'>responsa·</span> 
     </span>
    </p>

    <p class='ocr_par' dir='ltr' id='par_1_3' title="bbox 159 1748 852 1834">
     <span class='ocr_line' id='line_1_14' title="bbox 159 1748 852 1834; baseline 0 -21"><span class='ocrx_word' id='word_1_98' title='bbox 159 1773 222 1834; x_wconf 93' lang='lat' dir='ltr'>que</span> <span class='ocrx_word' id='word_1_99' title='bbox 244 1763 280 1813; x_wconf 95' lang='lat' dir='ltr'>ut</span> <span class='ocrx_word' id='word_1_100' title='bbox 303 1752 516 1815; x_wconf 85' lang='lat' dir='ltr'>internuntius</span> <span class='ocrx_word' id='word_1_101' title='bbox 539 1748 676 1813; x_wconf 89' lang='lat' dir='ltr'>numinis</span> <span class='ocrx_word' id='word_1_102' title='bbox 696 1750 852 1832; x_wconf 68' lang='lat' dir='ltr'>portabat.</span> 
     </span>
    </p>

    <p class='ocr_par' dir='ltr' id='par_1_4' title="bbox 152 1859 1268 4001">
     <span class='ocr_line' id='line_1_15' title="bbox 246 1859 1266 1945; baseline 0 -20"><span class='ocrx_word' id='word_1_103' title='bbox 246 1863 354 1926; x_wconf 86' lang='lat' dir='ltr'>Civilis</span> <span class='ocrx_word' id='word_1_104' title='bbox 388 1866 534 1927; x_wconf 89' lang='lat' dir='ltr'>societate</span> <span class='ocrx_word' id='word_1_105' title='bbox 567 1862 844 1945; x_wconf 82' lang='lat' dir='ltr'>Agrippinensium</span> <span class='ocrx_word' id='word_1_106' title='bbox 882 1873 990 1924; x_wconf 88' lang='lat' dir='ltr'>auctus</span> <span class='ocrx_word' id='word_1_107' title='bbox 1022 1859 1183 1943; x_wconf 84' lang='lat' dir='ltr'>proximas</span> <span class='ocrx_word' id='word_1_108' title='bbox 1196 1874 1222 1939; x_wconf 84' lang='lat'>4,</span> <span class='ocrx_word' id='word_1_109' title='bbox 1231 1873 1266 1925; x_wconf 77' lang='grc'>66</span> 
     </span>
     <span class='ocr_line' id='line_1_16' title="bbox 158 1974 1183 2040; baseline -0.003 -3"><span class='ocrx_word' id='word_1_110' title='bbox 158 1976 298 2040; x_wconf 87' lang='lat' dir='ltr'>civitates</span> <span class='ocrx_word' id='word_1_111' title='bbox 319 1977 465 2039; x_wconf 85' lang='lat' dir='ltr'>affectare</span> <span class='ocrx_word' id='word_1_112' title='bbox 494 1988 549 2038; x_wconf 91' lang='lat' dir='ltr'>aut</span> <span class='ocrx_word' id='word_1_113' title='bbox 576 1974 814 2039; x_wconf 81' lang='lat' dir='ltr'>adversantibus</span> <span class='ocrx_word' id='word_1_114' title='bbox 840 1975 957 2038; x_wconf 90' lang='lat' dir='ltr'>bellum</span> <span class='ocrx_word' id='word_1_115' title='bbox 981 1974 1098 2037; x_wconf 81' lang='lat' dir='ltr'>inferre</span> <span class='ocrx_word' id='word_1_116' title='bbox 1121 1987 1183 2035; x_wconf 86' lang='lat' dir='ltr'>sta·</span> 
     </span>
     <span class='ocr_line' id='line_1_17' title="bbox 156 2086 1181 2173; baseline -0.006 -21"><span class='ocrx_word' id='word_1_117' title='bbox 156 2093 225 2154; x_wconf 88' lang='lat' dir='ltr'>tuit.</span> <span class='ocrx_word' id='word_1_118' title='bbox 269 2092 491 2173; x_wconf 87' lang='lat' dir='ltr'>occupatisque</span> <span class='ocrx_word' id='word_1_119' title='bbox 519 2086 643 2150; x_wconf 86' lang='lat' dir='ltr'>Sunicis</span> <span class='ocrx_word' id='word_1_120' title='bbox 671 2103 702 2151; x_wconf 88' lang='lat' dir='ltr'>et</span> <span class='ocrx_word' id='word_1_121' title='bbox 721 2092 881 2166; x_wconf 87' lang='lat' dir='ltr'>juventute</span> <span class='ocrx_word' id='word_1_122' title='bbox 910 2107 1021 2150; x_wconf 90' lang='lat' dir='ltr'>eorum</span> <span class='ocrx_word' id='word_1_123' title='bbox 1049 2108 1107 2167; x_wconf 89' lang='lat' dir='ltr'>per</span> <span class='ocrx_word' id='word_1_124' title='bbox 1129 2105 1181 2147; x_wconf 86' lang='lat' dir='ltr'>co·</span> 
     </span>
     <span class='ocr_line' id='line_1_18' title="bbox 156 2200 1180 2287; baseline -0.004 -20"><span class='ocrx_word' id='word_1_125' title='bbox 156 2207 265 2269; x_wconf 88' lang='lat' dir='ltr'>hortes</span> <span class='ocrx_word' id='word_1_126' title='bbox 286 2207 475 2287; x_wconf 90' lang='lat' dir='ltr'>composita,</span> <span class='ocrx_word' id='word_1_127' title='bbox 509 2203 702 2287; x_wconf 90' lang='lat' dir='ltr'>quominus</span> <span class='ocrx_word' id='word_1_128' title='bbox 731 2205 815 2264; x_wconf 91' lang='lat' dir='ltr'>ultra</span> <span class='ocrx_word' id='word_1_129' title='bbox 835 2217 996 2284; x_wconf 82' lang='lat' dir='ltr'>pergeret,</span> <span class='ocrx_word' id='word_1_130' title='bbox 1030 2200 1180 2263; x_wconf 87' lang='lat' dir='ltr'>Claudius</span> 
     </span>
     <span class='ocr_line' id='line_1_19' title="bbox 157 2316 1179 2403; baseline 0 -25"><span class='ocrx_word' id='word_1_131' title='bbox 157 2316 266 2381; x_wconf 88' lang='lat' dir='ltr'>Labeo</span> <span class='ocrx_word' id='word_1_132' title='bbox 287 2320 483 2383; x_wconf 88' lang='lat' dir='ltr'>Betasiorum</span> <span class='ocrx_word' id='word_1_133' title='bbox 504 2322 770 2403; x_wconf 85' lang='lat' dir='ltr'>Tungrorumque</span> <span class='ocrx_word' id='word_1_134' title='bbox 798 2332 827 2381; x_wconf 91' lang='lat' dir='ltr'>et</span> <span class='ocrx_word' id='word_1_135' title='bbox 852 2318 1043 2382; x_wconf 86' lang='lat' dir='ltr'>Nerviorum</span> <span class='ocrx_word' id='word_1_136' title='bbox 1063 2320 1179 2379; x_wconf 84' lang='lat' dir='ltr'>tumul·</span> 
     </span>
     <span class='ocr_line' id='line_1_20' title="bbox 158 2434 1177 2518; baseline -0.002 -23"><span class='ocrx_word' id='word_1_137' title='bbox 158 2435 263 2497; x_wconf 89' lang='lat' dir='ltr'>tuaria</span> <span class='ocrx_word' id='word_1_138' title='bbox 288 2456 385 2497; x_wconf 90' lang='lat' dir='ltr'>manu</span> <span class='ocrx_word' id='word_1_139' title='bbox 416 2435 530 2497; x_wconf 85' lang='lat' dir='ltr'>restitit</span> <span class='ocrx_word' id='word_1_140' title='bbox 559 2439 658 2497; x_wconf 88' lang='lat' dir='ltr'>fretus</span> <span class='ocrx_word' id='word_1_141' title='bbox 686 2439 774 2515; x_wconf 91' lang='lat' dir='ltr'>loco,</span> <span class='ocrx_word' id='word_1_142' title='bbox 808 2435 882 2518; x_wconf 89' lang='lat' dir='ltr'>quia</span> <span class='ocrx_word' id='word_1_143' title='bbox 910 2446 1039 2516; x_wconf 89' lang='lat' dir='ltr'>pontem</span> <span class='ocrx_word' id='word_1_144' title='bbox 1068 2434 1177 2494; x_wconf 85' lang='lat' dir='ltr'>Mosae</span> 
     </span>
     <span class='ocr_line' id='line_1_21' title="bbox 157 2545 1177 2632; baseline -0.004 -23"><span class='ocrx_word' id='word_1_145' title='bbox 157 2546 296 2610; x_wconf 87' lang='lat' dir='ltr'>fluminis</span> <span class='ocrx_word' id='word_1_146' title='bbox 318 2561 522 2629; x_wconf 86' lang='lat' dir='ltr'>anteceperat.</span> <span class='ocrx_word' id='word_1_147' title='bbox 562 2551 824 2632; x_wconf 86' lang='lat' dir='ltr'>pugnabaturque</span> <span class='ocrx_word' id='word_1_148' title='bbox 853 2548 887 2608; x_wconf 92' lang='lat' dir='ltr'>in</span> <span class='ocrx_word' id='word_1_149' title='bbox 909 2545 1057 2628; x_wconf 88' lang='lat' dir='ltr'>angustiis</span> <span class='ocrx_word' id='word_1_150' title='bbox 1079 2545 1177 2607; x_wconf 91' lang='lat' dir='ltr'>ambi·</span> 
     </span>
     <span class='ocr_line' id='line_1_22' title="bbox 154 2658 1176 2741; baseline 0 -19"><span class='ocrx_word' id='word_1_151' title='bbox 154 2681 225 2741; x_wconf 86' lang='lat' dir='ltr'>gue,</span> <span class='ocrx_word' id='word_1_152' title='bbox 248 2658 348 2723; x_wconf 89' lang='lat' dir='ltr'>donec</span> <span class='ocrx_word' id='word_1_153' title='bbox 366 2660 515 2723; x_wconf 89' lang='lat' dir='ltr'>Germani</span> <span class='ocrx_word' id='word_1_154' title='bbox 535 2673 726 2723; x_wconf 85' lang='lat' dir='ltr'>tranatantes</span> <span class='ocrx_word' id='word_1_155' title='bbox 746 2674 832 2741; x_wconf 88' lang='lat' dir='ltr'>terga</span> <span class='ocrx_word' id='word_1_156' title='bbox 848 2659 1007 2723; x_wconf 91' lang='lat' dir='ltr'>Labeonis</span> <span class='ocrx_word' id='word_1_157' title='bbox 1025 2661 1176 2722; x_wconf 83' lang='lat' dir='ltr'>invasere.</span> 
     </span>
     <span class='ocr_line' id='line_1_23' title="bbox 155 2774 1268 2858; baseline -0.007 -19"><span class='ocrx_word' id='word_1_158' title='bbox 155 2776 258 2839; x_wconf 89' lang='lat' dir='ltr'>Simul</span> <span class='ocrx_word' id='word_1_159' title='bbox 280 2774 402 2853; x_wconf 86' lang='lat' dir='ltr'>Civilis,</span> <span class='ocrx_word' id='word_1_160' title='bbox 424 2798 518 2839; x_wconf 76' lang='lat' dir='ltr'>arrsus</span> <span class='ocrx_word' id='word_1_161' title='bbox 542 2798 583 2838; x_wconf 90' lang='lat' dir='ltr'>an</span> <span class='ocrx_word' id='word_1_162' title='bbox 606 2798 647 2838; x_wconf 87' lang='lat' dir='ltr'>ex</span> <span class='ocrx_word' id='word_1_163' title='bbox 667 2777 855 2858; x_wconf 87' lang='lat' dir='ltr'>composito,</span> <span class='ocrx_word' id='word_1_164' title='bbox 878 2777 985 2838; x_wconf 89' lang='lat' dir='ltr'>intulit</span> <span class='ocrx_word' id='word_1_165' title='bbox 1004 2797 1037 2838; x_wconf 85' lang='lat' dir='ltr'>se</span> <span class='ocrx_word' id='word_1_166' title='bbox 1062 2775 1176 2855; x_wconf 88' lang='lat' dir='ltr'>agmini</span> <span class='ocrx_word' id='word_1_167' title='bbox 1266 2826 1268 2831; x_wconf 91' lang='lat'>.</span> 
     </span>
     <span class='ocr_line' id='line_1_24' title="bbox 154 2890 1175 2974; baseline -0.004 -21"><span class='ocrx_word' id='word_1_168' title='bbox 154 2893 359 2971; x_wconf 89' lang='lat' dir='ltr'>Tungrorum</span> <span class='ocrx_word' id='word_1_169' title='bbox 391 2903 421 2953; x_wconf 89' lang='lat' dir='ltr'>et</span> <span class='ocrx_word' id='word_1_170' title='bbox 451 2893 535 2952; x_wconf 88' lang='lat' dir='ltr'>clara</span> <span class='ocrx_word' id='word_1_171' title='bbox 565 2913 641 2956; x_wconf 76' lang='lat' dir='ltr'>voce</span> <span class='ocrx_word' id='word_1_172' title='bbox 674 2893 750 2954; x_wconf 86' lang='lat' dir='ltr'>‘non</span> <span class='ocrx_word' id='word_1_173' title='bbox 779 2892 870 2969; x_wconf 89' lang='lat' dir='ltr'>ideo,</span> <span class='ocrx_word' id='word_1_174' title='bbox 901 2890 1022 2974; x_wconf 87' lang='lat' dir='ltr'>inquit,</span> <span class='ocrx_word' id='word_1_175' title='bbox 1057 2890 1175 2950; x_wconf 92' lang='lat' dir='ltr'>bellum</span> 
     </span>
     <span class='ocr_line' id='line_1_25' title="bbox 153 3002 1176 3085; baseline -0.007 -16"><span class='ocrx_word' id='word_1_176' title='bbox 153 3004 344 3085; x_wconf 87' lang='lat' dir='ltr'>sumpsimus</span> <span class='ocrx_word' id='word_1_177' title='bbox 379 3016 416 3065; x_wconf 91' lang='lat' dir='ltr'>ut</span> <span class='ocrx_word' id='word_1_178' title='bbox 449 3003 562 3064; x_wconf 81' lang='lat' dir='ltr'>Batavi</span> <span class='ocrx_word' id='word_1_179' title='bbox 598 3015 629 3064; x_wconf 94' lang='lat' dir='ltr'>et</span> <span class='ocrx_word' id='word_1_180' title='bbox 663 3003 796 3067; x_wconf 90' lang='lat' dir='ltr'>Treveri</span> <span class='ocrx_word' id='word_1_181' title='bbox 831 3002 974 3083; x_wconf 89' lang='lat' dir='ltr'>gentibus</span> <span class='ocrx_word' id='word_1_182' title='bbox 1012 3002 1176 3082; x_wconf 85' lang='lat' dir='ltr'>imperent.</span> 
     </span>
     <span class='ocr_line' id='line_1_26' title="bbox 153 3096 1175 3200; baseline -0.003 -22"><span class='ocrx_word' id='word_1_183' title='bbox 153 3120 267 3200; x_wconf 87' lang='lat' dir='ltr'>procul</span> <span class='ocrx_word' id='word_1_184' title='bbox 296 3119 374 3179; x_wconf 90' lang='lat' dir='ltr'>haec</span> <span class='ocrx_word' id='word_1_185' title='bbox 407 3138 426 3178; x_wconf 86' lang='lat' dir='ltr'>a</span> <span class='ocrx_word' id='word_1_186' title='bbox 459 3117 551 3179; x_wconf 91' lang='lat' dir='ltr'>nobis</span> <span class='ocrx_word' id='word_1_187' title='bbox 583 3119 771 3197; x_wconf 87' lang='lat' dir='ltr'>arrogantia.</span> <span class='ocrx_word' id='word_1_188' title='bbox 829 3096 956 3198; x_wconf 77' lang='lat' dir='ltr'>accipite</span> <span class='ocrx_word' id='word_1_189' title='bbox 988 3112 1175 3193; x_wconf 87' lang='lat' dir='ltr'>societatem.</span> 
     </span>
     <span class='ocr_line' id='line_1_27' title="bbox 152 3229 1175 3312; baseline -0.003 -17"><span class='ocrx_word' id='word_1_190' title='bbox 152 3230 366 3312; x_wconf 87' lang='lat' dir='ltr'>transgredior</span> <span class='ocrx_word' id='word_1_191' title='bbox 386 3229 426 3295; x_wconf 89' lang='lat' dir='ltr'>ad</span> <span class='ocrx_word' id='word_1_192' title='bbox 447 3253 521 3310; x_wconf 91' lang='lat' dir='ltr'>vos,</span> <span class='ocrx_word' id='word_1_193' title='bbox 543 3252 599 3294; x_wconf 89' lang='lat' dir='ltr'>seu</span> <span class='ocrx_word' id='word_1_194' title='bbox 621 3253 671 3292; x_wconf 91' lang='lat' dir='ltr'>me</span> <span class='ocrx_word' id='word_1_195' title='bbox 695 3231 804 3295; x_wconf 83' lang='lat' dir='ltr'>ducem</span> <span class='ocrx_word' id='word_1_196' title='bbox 828 3254 883 3295; x_wconf 93' lang='lat' dir='ltr'>seu</span> <span class='ocrx_word' id='word_1_197' title='bbox 903 3231 1033 3295; x_wconf 84' lang='lat' dir='ltr'>militem</span> <span class='ocrx_word' id='word_1_198' title='bbox 1053 3232 1175 3293; x_wconf 82' lang='lat' dir='ltr'>mavul·</span> 
     </span>
     <span class='ocr_line' id='line_1_28' title="bbox 153 3345 1174 3432; baseline 0.001 -22"><span class='ocrx_word' id='word_1_199' title='bbox 153 3347 213 3410; x_wconf 69' lang='lat' dir='ltr'>tis!</span> <span class='ocrx_word' id='word_1_200' title='bbox 262 3348 452 3411; x_wconf 82' lang='lat' dir='ltr'>Movebatur</span> <span class='ocrx_word' id='word_1_201' title='bbox 483 3347 595 3427; x_wconf 86' lang='lat' dir='ltr'>vulgus</span> <span class='ocrx_word' id='word_1_202' title='bbox 631 3345 871 3430; x_wconf 86' lang='lat' dir='ltr'>condebantque</span> <span class='ocrx_word' id='word_1_203' title='bbox 903 3346 1040 3427; x_wconf 85' lang='lat' dir='ltr'>gladios,</span> <span class='ocrx_word' id='word_1_204' title='bbox 1076 3369 1174 3432; x_wconf 90' lang='lat' dir='ltr'>quum</span> 
     </span>
     <span class='ocr_line' id='line_1_29' title="bbox 155 3462 1173 3545; baseline 0.001 -21"><span class='ocrx_word' id='word_1_205' title='bbox 155 3462 334 3544; x_wconf 85' lang='lat' dir='ltr'>Campanus</span> <span class='ocrx_word' id='word_1_206' title='bbox 360 3484 395 3525; x_wconf 88' lang='lat' dir='ltr'>ac</span> <span class='ocrx_word' id='word_1_207' title='bbox 422 3463 580 3525; x_wconf 82' lang='lat' dir='ltr'>luvenalis</span> <span class='ocrx_word' id='word_1_208' title='bbox 605 3485 645 3525; x_wconf 86' lang='lat' dir='ltr'>ex</span> <span class='ocrx_word' id='word_1_209' title='bbox 667 3462 859 3542; x_wconf 87' lang='lat' dir='ltr'>primoribus</span> <span class='ocrx_word' id='word_1_210' title='bbox 880 3463 1080 3545; x_wconf 86' lang='lat' dir='ltr'>Tungrorum</span> <span class='ocrx_word' id='word_1_211' title='bbox 1101 3463 1173 3526; x_wconf 91' lang='lat' dir='ltr'>uni·</span> 
     </span>
     <span class='ocr_line' id='line_1_30' title="bbox 153 3575 1173 3663; baseline 0.002 -21"><span class='ocrx_word' id='word_1_212' title='bbox 153 3598 277 3643; x_wconf 87' lang='lat' dir='ltr'>versam</span> <span class='ocrx_word' id='word_1_213' title='bbox 306 3576 336 3639; x_wconf 90' lang='lat' dir='ltr'>ei</span> <span class='ocrx_word' id='word_1_214' title='bbox 362 3589 487 3656; x_wconf 88' lang='lat' dir='ltr'>gentem</span> <span class='ocrx_word' id='word_1_215' title='bbox 511 3575 669 3640; x_wconf 85' lang='lat' dir='ltr'>dedidere.</span> <span class='ocrx_word' id='word_1_216' title='bbox 710 3577 819 3641; x_wconf 91' lang='lat' dir='ltr'>Labeo</span> <span class='ocrx_word' id='word_1_217' title='bbox 847 3591 1015 3663; x_wconf 90' lang='lat' dir='ltr'>antequam</span> <span class='ocrx_word' id='word_1_218' title='bbox 1029 3582 1173 3651; x_wconf 67' lang='lat' dir='ltr'>⁴circum·</span> 
     </span>
     <span class='ocr_line' id='line_1_31' title="bbox 152 3687 1172 3776; baseline -0.001 -20"><span class='ocrx_word' id='word_1_219' title='bbox 152 3692 313 3756; x_wconf 86' lang='lat' dir='ltr'>veniretur</span> <span class='ocrx_word' id='word_1_220' title='bbox 335 3692 485 3773; x_wconf 84' lang='lat' dir='ltr'>profugit.</span> <span class='ocrx_word' id='word_1_221' title='bbox 535 3687 643 3752; x_wconf 84' lang='lat' dir='ltr'>Civilis</span> <span class='ocrx_word' id='word_1_222' title='bbox 664 3689 807 3752; x_wconf 86' lang='lat' dir='ltr'>Betasios</span> <span class='ocrx_word' id='word_1_223' title='bbox 831 3712 958 3776; x_wconf 89' lang='lat' dir='ltr'>quoque</span> <span class='ocrx_word' id='word_1_224' title='bbox 981 3714 1016 3755; x_wconf 92' lang='lat' dir='ltr'>ac</span> <span class='ocrx_word' id='word_1_225' title='bbox 1037 3692 1172 3759; x_wconf 87' lang='lat' dir='ltr'>Nervios</span> 
     </span>
     <span class='ocr_line' id='line_1_32' title="bbox 152 3802 1171 3889; baseline 0 -22"><span class='ocrx_word' id='word_1_226' title='bbox 152 3807 185 3867; x_wconf 92' lang='lat' dir='ltr'>in</span> <span class='ocrx_word' id='word_1_227' title='bbox 214 3803 308 3867; x_wconf 89' lang='lat' dir='ltr'>fidem</span> <span class='ocrx_word' id='word_1_228' title='bbox 335 3816 479 3886; x_wconf 87' lang='lat' dir='ltr'>acceptos</span> <span class='ocrx_word' id='word_1_229' title='bbox 510 3802 607 3886; x_wconf 90' lang='lat' dir='ltr'>copiis</span> <span class='ocrx_word' id='word_1_230' title='bbox 635 3802 699 3865; x_wconf 91' lang='lat' dir='ltr'>suis</span> <span class='ocrx_word' id='word_1_231' title='bbox 724 3802 882 3883; x_wconf 89' lang='lat' dir='ltr'>adjunxit,</span> <span class='ocrx_word' id='word_1_232' title='bbox 920 3807 1030 3889; x_wconf 88' lang='lat' dir='ltr'>ingens</span> <span class='ocrx_word' id='word_1_233' title='bbox 1055 3828 1171 3884; x_wconf 88' lang='lat' dir='ltr'>rerum,</span> 
     </span>
     <span class='ocr_line' id='line_1_33' title="bbox 153 3906 1075 4001; baseline 0 -19"><span class='ocrx_word' id='word_1_234' title='bbox 153 3921 303 4001; x_wconf 87' lang='lat' dir='ltr'>perculsis</span> <span class='ocrx_word' id='word_1_235' title='bbox 325 3920 484 3982; x_wconf 85' lang='lat' dir='ltr'>civitatum</span> <span class='ocrx_word' id='word_1_236' title='bbox 507 3916 618 3978; x_wconf 76' lang='lat' dir='ltr'>aninris</span> <span class='ocrx_word' id='word_1_237' title='bbox 639 3918 689 3980; x_wconf 86' lang='lat' dir='ltr'>vel</span> <span class='ocrx_word' id='word_1_238' title='bbox 710 3906 822 3999; x_wconf 82' lang='lat' dir='ltr'>sponte</span> <span class='ocrx_word' id='word_1_239' title='bbox 843 3918 1075 3982; x_wconf 83' lang='lat' dir='ltr'>inclinantibus.</span> 
     </span>
    </p>
   </div>
   <div class='ocr_carea' id='block_1_3' title="bbox 0 0 1472 4625">
    <p class='ocr_par' dir='ltr' id='par_1_5' title="bbox 0 0 1472 4625">
     <span class='ocr_line' id='line_1_34' title="bbox 0 0 1472 4625; baseline 0 4"><span class='ocrx_word' id='word_1_240' title='bbox 0 0 1472 4625; x_wconf 95' lang='lat' dir='ltr'> </span> 
     </span>
    </p>
   </div>
  </div>
 </body>
</html>
