2934 4625
279 229 322 293 40
615 220 677 289 Hx
699 217 952 288 ANNALIBUS

283 424 352 465 cum
378 400 555 480 legionibus
575 395 783 470 {decucurritz
814 398 970 460 tumulum
1001 398 1114 462 iterare
1142 399 1228 462 haud
1256 402 1304 464 vi·

283 535 364 579 astru.
406 528 436 578 et
464 527 574 578 cuncta
601 515 684 578 iuter
711 517 872 577 castellum
900 514 1061 576 Alisonem
1092 536 1128 577 ac
1156 516 1305 580 Rhenum

285 628 377 694 novis
397 630 548 693 limitibus
568 630 794 712 aggeribusque
814 629 1005 711 permunita.
1086 709 1091 714 ὓ

200 771 253 832 ῃ
369 744 501 827 Jamque
531 745 636 806 classis
667 743 853 820 advenerat,
889 764 988 826 quum
1017 743 1189 824 praemisso
1219 766 1305 807 com·

287 870 390 920 meatu
416 871 447 920 ct
474 855 646 920 distributis
673 857 709 918 in
734 855 874 936 legiones
900 877 936 917 sc
963 856 1065 919 socios
1086 857 1220 920 navibus
1240 858 1307 921 fos·

287 992 370 1050 sam,
391 973 443 1035 cui
465 970 632 1035 drusianae
653 985 788 1049 nomen,
813 972 971 1051 ingressus
990 985 1198 1056 precatusque
1218 972 1307 1035 Dru·

287 1107 356 1150 sum
387 1100 526 1167 patrem,
560 1099 596 1148 ut
626 1107 660 1150 se
693 1085 801 1149 eadem
831 1108 942 1149 ausum
971 1089 1074 1151 libens
1104 1089 1307 1172 placatusque

288 1201 433 1282 exemplo
455 1222 490 1261 ac
512 1199 662 1262 memoria
683 1199 885 1262 consiliorum
905 1214 999 1285 atque
1020 1223 1152 1285 operum
1169 1207 1308 1284 juvaret3

287 1317 373 1377 lacus
401 1314 475 1376 iude
505 1326 536 1377 et
563 1327 717 1378 oceanum
746 1335 847 1397 usque
874 1314 914 1378 ad
940 1317 1090 1379 Amisiam
1117 1318 1236 1379 flumen
1258 1336 1308 1379 se·

290 1425 392 1490 citnda
422 1428 620 1510 navigatione
653 1430 847 1511 pervehitur.
902 1433 1007 1494 classis
1037 1432 1172 1495 Amisiae
1201 1432 1328 1495 relicta-

288 1546 378 1608 laevo
411 1566 518 1623 amne,
558 1553 760 1630 erratumque
793 1545 828 1607 in
866 1555 904 1609 eo
937 1545 1024 1630 quod
1055 1567 1122 1610 non
1153 1546 1310 1610 subvexit.

289 1660 482 1744 transposuit
505 1661 634 1724 militem
653 1659 783 1724 dextras
798 1662 832 1723 in
850 1673 950 1726 terras
965 1664 1094 1727 iturum.
1136 1665 1182 1726 lta
1202 1665 1309 1747 plures

291 1776 357 1838 dies
378 1774 548 1838 efficiendis
567 1776 718 1857 pontibus
739 1778 907 1858 absumpti.
954 1790 986 1840 et
1010 1799 1106 1862 eques
1125 1778 1254 1862 quidem
1274 1798 1309 1839 ac

291 1893 427 1972 legiones
456 1893 559 1976 prima
584 1895 739 1958 aestuaria
767 1893 908 1958 nondum
934 1907 1126 1959 accrescente
1151 1893 1238 1959 unda
1262 1896 1312 1957 in·

292 2004 406 2086 trepidi
426 2006 595 2069 transiere:
625 2020 819 2088 postremum
840 2008 1033 2072 auxiliorum
1053 2031 1161 2090 agmen
1181 2011 1309 2072 Batavi·

293 2139 356 2202 que
382 2118 417 2179 in
437 2131 525 2200 parte
555 2140 608 2195 ea,
639 2117 714 2181 dum
739 2121 892 2183 insultant
916 2122 1005 2205 aquis
1028 2134 1186 2203 artemque
1212 2119 1310 2183 nandi

184 2227 191 2241 '
295 2245 462 2311 ostentant,
482 2234 600 2296 turbati
622 2246 652 2297 et
673 2234 799 2319 quidam
819 2238 924 2300 hausti
939 2249 1023 2300 sunt.
1063 2237 1197 2298 Metanti
1212 2250 1311 2299 castra

294 2347 412 2419 caesari
431 2348 689 2429 Angrivariorum
711 2351 845 2417 defectio
870 2375 890 2416 a
914 2366 1001 2434 tergo
1021 2353 1196 2415 nunfimur.
1237 2351 1313 2414 mis·

295 2482 348 2524 aus
374 2461 458 2525 illico
486 2461 653 2529 Stertinius
683 2489 755 2529 cum
781 2470 886 2552 equite
915 2484 945 2532 et
967 2482 1125 2533 mutatura
1153 2468 1217 2533 levi
1242 2468 1313 2549 igne

297 2591 326 2641 et
346 2579 492 2644 caedibus
511 2582 675 2664 perfidiam
696 2588 783 2648 ultus
805 2597 862 2646 est.

212 2718 266 2780 qo
381 2694 513 2759 Flumen
535 2697 678 2779 Visurgis
703 2698 863 2761 Romanos
890 2694 1128 2779 Cheruscosque
1154 2694 1314 2758 interflue-

296 2813 361 2873 bat.
404 2817 469 2890 eius
490 2813 524 2873 in
547 2813 618 2895 ripa
638 2836 707 2876 cuns
731 2814 840 2877 ceteris
861 2810 1055 2895 primoribus
1074 2811 1235 2872 Arminius
1259 2806 1315 2872 ad·

297 2922 390 3002 stitit,
420 2925 623 3009 quaesitoque
650 2948 692 2989 an
713 2946 820 2989 caesar
839 2925 992 3003 venisset,
1020 2936 1187 3007 postquam
1208 2923 1314 2986 adesse

296 3058 482 3118 responsum
511 3051 574 3115 est,
608 3052 645 3102 ut
674 3042 781 3102 liceret
808 3061 881 3102 cum
911 3042 1008 3100 fratre
1040 3036 1178 3116 colloqui
1205 3036 1318 3098 oravit.

298 3161 364 3212 erat
385 3149 412 3210 is
432 3150 467 3210 iu
489 3151 640 3227 exercitu,
662 3162 866 3230 cognomento
887 3149 1020 3222 Flavus,
1052 3145 1182 3224 insignis
1203 3144 1263 3207 lide
1285 3158 1318 3208 et

299 3262 412 3327 amisso
438 3282 496 3344 per
522 3263 637 3324 vulnus
666 3266 758 3325 occulo
787 3260 895 3342 paucis
916 3273 988 3322 ante
1009 3260 1100 3321 annis
1121 3257 1200 3321 duce
1221 3260 1316 3322 Tibe·

293 3380 358 3444 rto.
398 3390 467 3440 tuus
488 3378 690 3459 permissum,
713 3397 958 3460 progressusque
980 3378 1133 3438 salutatur
1153 3376 1192 3437 ab
1213 3375 1317 3438 Armi·

298 3497 371 3574 niet
408 3494 463 3580 qui
494 3496 607 3563 amotis
636 3493 839 3577 stipatoribus
868 3508 903 3557 ut
933 3493 1083 3574 sagittarii
1116 3505 1223 3556 nostra
1256 3512 1316 3573 pro

297 3609 369 3692 ripa
390 3609 532 3692 dispositi
549 3605 750 3672 abscederent
768 3610 917 3691 postulat,
939 3621 971 3670 ct
990 3620 1157 3691 postquam
1180 3606 1317 3687 digressi,

301 3723 385 3786 unde
407 3745 444 3786 ea
464 3719 646 3788 deformitas
667 3719 754 3786 oris?
775 3723 945 3804 interrogat
963 3723 1102 3786 fratrem.
1144 3720 1199 3782 illo
1214 3722 1317 3783 locum

302 3850 331 3902 et
353 3838 507 3921 proelium
534 3841 706 3918 referente,
739 3838 899 3923 quoduam
927 3838 1102 3921 praemium
1128 3831 1316 3917 recepisset?

303 3952 449 4036 exquirit.
493 3953 608 4018 Flavus
630 3967 718 4017 aucta
741 3951 910 4035 stipendia,
939 3967 1085 4035 torquem
1107 3964 1138 4013 et
1162 3971 1317 4028 coronam,
