2934 4625
301 269 346 336 74
651 264 715 333 [IX
736 263 971 333 HISTORIIS

299 440 494 524 intemperie,
516 462 594 524 quas
613 463 632 503 o
651 442 774 522 legione
795 456 905 526 quarta
926 442 1066 521 decumo,
1088 456 1123 506 ut
1141 464 1238 526 supra
1252 464 1321 507 ore·

300 557 508 634 moravimus,
538 555 690 635 digressas
721 557 873 619 exercitui
902 577 959 619 suo
982 557 1098 621 Fabius
1118 559 1237 621 Valens
1265 559 1321 621 od-

298 676 454 748 junxerat.
495 672 595 750 jurgia
624 670 779 752 primum,
810 689 888 732 mox
914 670 986 732 rixa
1013 670 1097 731 inter
1121 671 1259 735 Batavos
1289 686 1321 734 et

298 784 504 862 legionarios,
527 782 602 845 dum
623 783 672 845 his
699 797 753 846 aut
779 783 841 845 illis
864 781 967 846 studia
991 784 1126 845 militum
1150 806 1319 865 aggregas.

298 908 367 973 tur,
387 916 489 978 prope
509 897 545 959 in
564 897 721 977 proelium
742 916 902 974 exarsere,
925 897 959 957 ni
975 897 1093 959 Valens
1120 898 1319 962 annnadver·
1428 959 1431 970 ,

298 1012 387 1072 sione
401 1030 575 1092 paucorum
592 1010 705 1072 oblitos
721 1015 784 1088 jam
801 1009 937 1071 Batavos
953 1009 1077 1090 imperii
1097 1009 1318 1075 admonuisset.

212 1138 284 1200 ult
381 1123 424 1208 (a.
447 1122 503 1208 69)
525 1170 563 1186 ..
589 1124 732 1188 irritabat
759 1123 835 1207 quin
866 1124 959 1185 etiam
983 1125 1120 1188 Batavos
1141 1126 1318 1188 Transrhe-

297 1259 460 1322 nanosque
480 1236 586 1301 Padus
606 1238 690 1321 ipse,
718 1259 812 1322 quem
838 1253 967 1323 repente
994 1254 1103 1303 contra
1124 1243 1315 1306 Placentiam

295 1351 479 1434 transgressi
500 1396 509 1414 .
535 1395 545 1415 .
566 1394 576 1414 .

209 1475 283 1540 ²2²²
379 1468 527 1546 ingerunt
557 1463 692 1547 desuper
720 1462 894 1529 Othoniani
920 1466 985 1548 pila
1016 1468 1131 1530 librato
1158 1467 1254 1546 magis
1283 1481 1315 1529 et

296 1593 381 1644 certo
409 1581 474 1644 ictu
503 1577 653 1642 adversus
676 1587 793 1639 temere
822 1580 991 1642 subeuntes
1016 1582 1160 1643 cohortes
1182 1580 1315 1641 Germa·

294 1717 427 1776 norum,
459 1709 553 1759 cantu
580 1696 662 1761 truci
689 1707 721 1757 et
746 1695 841 1772 {more
872 1697 974 1776 patrio
1005 1696 1099 1760 nudis
1129 1696 1315 1779 corporibus

294 1828 390 1891 super
410 1810 559 1870 humeros
578 1820 664 1871 scuta
687 1808 905 1891 quatientium.

209 1934 281 1996 ηπ
377 1920 419 2007 (a.
441 1919 496 2005 69)
519 1922 671 1985 Cohortes
692 1921 902 1999 Batavorum,
931 1944 1009 2010 quas
1029 1924 1113 1986 bello
1135 1923 1272 1986 Neronis
1294 1945 1314 1985 a

294 2049 406 2119 quarta
427 2035 558 2097 decuma
577 2035 700 2114 legione
722 2032 891 2114 digressas,
922 2058 1021 2119 quum
1042 2038 1236 2099 Britanniam
1257 2058 1314 2119 pe·

292 2159 410 2226 terent,
437 2146 544 2209 audito
565 2145 687 2209 Vitellii
705 2159 794 2207 motu
813 2147 848 2209 in
869 2148 990 2213 ciuitate
1011 2149 1190 2230 Lingonum
1212 2151 1314 2217 Fabio

292 2263 420 2326 Valenti
443 2261 603 2341 adjunctas
624 2262 811 2343 rettulimus,
832 2267 968 2346 superbe
989 2266 1128 2346 agebant,
1150 2277 1186 2328 ut
1208 2269 1314 2343 eujus·

293 2398 356 2461 que
376 2377 507 2457 legionis
528 2377 663 2439 tentoria
683 2379 899 2458 accessissent,
921 2380 1070 2442 coercitos
1091 2402 1110 2441 a
1130 2400 1164 2441 se
1185 2391 1314 2462 quarta·

293 2493 499 2571 decumanos,
528 2494 663 2556 ablatam
683 2493 806 2558 Neroni
826 2495 948 2558 ltaliam
973 2509 1067 2579 atque
1091 2518 1216 2561 omnem
1236 2496 1314 2559 belli

292 2610 452 2672 fortunam
475 2610 509 2669 in
536 2609 678 2688 ipsorum
703 2629 798 2670 manu
829 2610 920 2672 sitam
945 2614 1105 2687 jactantes.
1151 2624 1313 2674 contume-

290 2725 406 2787 liosum
430 2722 463 2785 id
482 2724 633 2784 militibus
640 2766 651 2803 ,
676 2724 824 2785 acerbum
846 2721 937 2799 ducI,
958 2735 1108 2804 corrupta
1128 2726 1236 2804 jurgiis
1257 2736 1312 2787 aut

290 2837 369 2899 rixis
384 2835 556 2917 disciplina,
576 2833 617 2896 ad
635 2846 829 2916 postremum
846 2835 965 2898 Valens
986 2857 1003 2899 e
1023 2837 1197 2918 petulantia
1217 2839 1311 2900 etiam

290 2949 453 3037 perfidiam
473 2950 681 3031 suspectabat.

111 3099 115 3105 ·
206 3071 278 3138 228
373 3065 473 3142 Igitur
494 3065 605 3125 nuntio
627 3064 721 3124 allato
746 3064 870 3143 pulsam
884 3063 1098 3125 Treverorum
1119 3065 1200 3124 alam
1220 3066 1312 3127 Tun·

278 3196 463 3257 grosquea
489 3176 584 3237 classe
608 3172 744 3238 Othonis
773 3186 805 3236 et
832 3178 1063 3236 narbonensem
1088 3175 1223 3237 Galliam
1250 3179 1313 3239 cir·

289 3289 417 3365 cumini,
440 3288 533 3349 simul
554 3306 629 3349 cura
650 3286 752 3351 socios
773 3284 885 3350 tuendi
907 3300 936 3349 et
955 3288 1083 3350 militari
1103 3301 1172 3350 astu
1194 3290 1310 3351 cohor·

287 3416 335 3466 tes
357 3400 498 3466 turbidas
526 3422 579 3478 ac,
607 3400 719 3462 sinna
741 3402 863 3481 forent,
885 3399 1080 3483 praevalidas
1101 3400 1310 3483 dispergendi,

286 3529 408 3597 partem
431 3516 623 3580 Batavorum
650 3514 697 3577 ire
728 3515 762 3579 io
793 3516 967 3581 subsidium
995 3519 1094 3595 jubet.
1142 3515 1229 3599 quod
1251 3518 1309 3580 ubi

287 3629 428 3692 auditum
447 3632 688 3712 vulgatumque,
718 3649 860 3692 moerere
883 3631 976 3709 socii,
1006 3630 1140 3691 fremere
1159 3628 1309 3707 legiones.

203 3750 274 3813 232
372 3741 404 3822 *)
418 3745 598 3807 Exercitum
613 3743 735 3806 Vitellii
752 3744 934 3810 uuiversum
955 3742 1128 3823 advenisse,
1150 3762 1207 3803 nec
1224 3744 1309 3804 mul-

339 3986 368 4053 *)
388 3987 466 4041 verba
484 3988 603 4041 Suetonii
621 3988 734 4041 Paulini.
