2934 4625
307 268 351 334 ii
649 263 710 333 ux
734 264 990 337 ANNALIBUS

307 461 506 507 remorumve
544 437 728 504 subsidium.
788 443 1000 508 meminissent
1036 441 1133 507 modo
1172 445 1331 527 avaritiae,
1444 472 1446 564 p

309 555 506 632 crudelitatis,
531 555 716 638 superbiae:
741 554 826 618 aliud
848 557 909 640 sibi
929 556 1087 640 reliquum
1109 578 1204 641 quam
1223 571 1331 625 tenere

306 673 480 736 libertatem
501 684 554 737 aut
572 673 655 735 mori
677 685 749 734 ante
770 669 956 736 servitium?

223 783 295 845 ²2¹⁶
393 786 445 850 Sic
465 807 611 851 accensos
632 800 663 850 et
683 789 841 869 proelium
859 798 1024 870 poscentes
1044 786 1079 849 in
1100 806 1257 868 campum,
1279 788 1330 851 cui

307 901 469 968 Idistaviso
490 924 622 983 nomen,
654 901 822 968 deducunt.
864 906 892 966 is
917 902 1038 969 medius
1066 905 1149 966 inter
1170 902 1329 984 Visurgim

308 1020 462 1095 etenum,
483 1033 517 1083 ut
535 1022 624 1102 ripae
644 1019 783 1083 fluminis
803 1018 917 1084 cedunt
933 1034 988 1085 aut
1007 1018 1219 1103 prominentia
1236 1039 1328 1082 mon·

306 1136 384 1198 tium
407 1136 570 1214 resistunt,
602 1137 811 1219 inaequaliter
838 1139 992 1200 sinuatur.
1033 1157 1117 1218 pons
1137 1150 1259 1216 tergum
1278 1135 1328 1197 in·

306 1253 451 1328 surgebat
469 1251 548 1313 silva
573 1248 662 1314 editis
683 1251 715 1312 in
741 1250 838 1313 altum
859 1252 953 1314 ramis
976 1261 1006 1312 et
1026 1270 1108 1331 pura
1128 1250 1225 1311 humo
1245 1249 1328 1312 inter

306 1363 454 1424 arborum
483 1374 628 1439 truncos,
664 1382 809 1442 campum
838 1373 870 1423 et
893 1361 996 1442 prima
1018 1362 1169 1426 silvarum
1191 1363 1327 1425 barbara

304 1475 385 1537 acies
408 1477 525 1540 tenuit:
556 1477 616 1540 soli
640 1475 792 1539 Cherusci
810 1479 883 1556 juga
906 1475 1060 1555 insidere,
1088 1491 1124 1541 ut
1144 1478 1327 1560 proelianti·

304 1591 363 1651 bus
384 1590 533 1655 Romanis
555 1590 690 1673 desuper
711 1592 922 1655 incurrerent.
971 1592 1088 1657 Noster
1108 1593 1262 1657 exercitus
1281 1593 1326 1656 sic

303 1705 445 1768 incessit:
479 1707 646 1770 auxiliares
676 1707 760 1769 Galli
788 1707 1003 1792 Germanique
1035 1709 1070 1770 in
1101 1710 1223 1787 fronte,
1254 1721 1326 1791 post

304 1839 384 1901 quos
411 1818 531 1902 pedites
558 1821 723 1902 sagittarii,
756 1821 829 1885 dein
851 1837 1000 1908 quattuor
1020 1826 1176 1904 legiones,
1206 1837 1327 1887 etcum

303 1931 425 1997 duabus
455 1936 620 2016 praetoriis
651 1937 833 2000 cohortibus
862 1959 898 2000 so
928 1935 1048 2000 delecto
1077 1938 1182 2022 equite
1209 1959 1324 2015 caesar,

303 2047 376 2107 exin
397 2046 527 2110 totidem
546 2051 625 2109 aliae
643 2050 782 2127 legiones
804 2061 835 2111 et
854 2049 933 2115 levis
955 2065 1111 2113 armatura
1128 2071 1199 2111 cum
1219 2050 1323 2132 equite

302 2161 459 2238 sagittario
488 2174 668 2246 ceteraeque
691 2165 851 2230 sociorum
878 2166 1032 2230 cohortes.
1073 2163 1210 2225 intentus
1229 2185 1325 2244 para·

303 2287 414 2358 tneque
435 2274 538 2354 miles,
561 2288 596 2340 ut
616 2275 696 2341 ordo
718 2279 848 2358 agrrrinis
872 2279 905 2342 in
929 2278 1026 2340 aciem
1047 2276 1209 2340 assisteret.

217 2401 286 2461 κη
387 2391 471 2453 Visis
490 2389 722 2454 Cheruscorum
742 2392 882 2469 catervis,
904 2412 984 2474 quae
1006 2411 1066 2471 per
1081 2390 1231 2453 ferociam
1248 2408 1325 2470 pro·

300 2521 467 2588 ruperant,
497 2507 705 2573 validissimos
735 2510 877 2593 equitum
902 2507 1063 2570 incurrere
1083 2507 1182 2585 latus,
1214 2503 1323 2567 Sterti·
1367 2559 1371 2566 .

300 2623 388 2685 nium
414 2646 485 2687 cum
511 2627 619 2690 ceteris
649 2626 759 2688 turmis
783 2620 986 2702 circumgredi
1007 2635 1154 2705 tergaque
1174 2621 1322 2686 invadere

299 2742 399 2819 iubet,
419 2741 487 2823 ipse
508 2743 542 2804 iu
563 2755 704 2823 tempore
724 2741 889 2804 affuturus.
931 2739 1055 2801 Interea
1077 2739 1322 2820 pulcherrimum

300 2857 480 2936 augurium,
513 2867 583 2918 octo
612 2858 734 2939 aquilae
764 2867 871 2937 petere
898 2853 992 2916 silvas
1021 2865 1052 2914 et
1080 2853 1198 2915 intrare
1224 2853 1320 2928 visae,

299 2968 520 3054 imperatorem
551 2967 724 3033 advertere.
778 2968 947 3045 exclamat,
979 2965 1079 3045 irent,
1116 2977 1322 3048 sequerentur

298 3104 443 3147 romanas
465 3103 555 3155 aves,
587 3082 719 3161 propria
741 3079 901 3157 legionum
920 3078 1060 3140 numina.
1109 3077 1203 3136 simul
1223 3075 1321 3155 pede·

298 3195 369 3258 stris
391 3196 471 3255 acies
491 3193 627 3254 infertur
648 3204 679 3253 et
695 3190 884 3270 praemissus
905 3206 1000 3269 eques
1021 3197 1195 3265 postremos
1218 3207 1254 3248 ac
1275 3187 1321 3250 la.

298 3323 365 3374 tera
385 3308 526 3389 impulit:
555 3305 731 3387 mirumque
754 3300 855 3380 dictu,
884 3298 948 3362 duo
970 3299 1107 3361 hostium
1128 3298 1320 3379 agurinadi.

297 3441 389 3486 versa
410 3424 500 3499 luga,
529 3421 585 3504 qui
605 3419 714 3483 silvam
731 3428 898 3480 tenuerant
919 3416 951 3477 in
972 3427 1097 3496 aperta,
1124 3413 1180 3497 qui
1202 3418 1319 3498 campis

297 3533 489 3611 adstiterunt,
509 3535 542 3598 iu
567 3536 676 3598 silvam
695 3531 838 3595 ruebant.
880 3527 976 3591 medii
994 3530 1077 3590 inter
1094 3531 1153 3591 hos
1169 3526 1319 3590 Cherusci

298 3650 430 3713 collibus
464 3648 726 3726 detrudebantur,
768 3647 851 3708 inter
883 3665 963 3728 quos
996 3644 1125 3725 insignis
1156 3643 1316 3706 Arminius

296 3787 402 3843 mauu,
424 3786 511 3843 voce,
535 3765 666 3828 vulnere
688 3764 880 3826 sustentabat
902 3782 1049 3843 pugnam,
1070 3760 1316 3839 incubueratque

296 3879 459 3960 sagittariis
485 3880 539 3941 illa
565 3894 732 3962 rupturam,
771 3881 804 3941 ui
825 3878 995 3941 Raetorum
1016 3875 1316 3955 Vindelicorumque

298 4004 328 4058 et
348 3996 473 4076 gallicae
498 3996 641 4059 cohortes
670 3996 757 4075 sigua
783 3997 976 4073 objecissent.
1026 3992 1097 4054 nisu
1123 4005 1225 4053 tamen
1247 4010 1315 4054 cor·
