<?xml version="1.0" encoding="UTF-8"?>
<!DOCTYPE html PUBLIC "-//W3C//DTD XHTML 1.0 Transitional//EN"
    "http://www.w3.org/TR/xhtml1/DTD/xhtml1-transitional.dtd">
<html xmlns="http://www.w3.org/1999/xhtml" xml:lang="en" lang="en">
 <head>
  <title>
</title>
<meta http-equiv="Content-Type" content="text/html;charset=utf-8" />
  <meta name='ocr-system' content='tesseract 3.04.00' />
  <meta name='ocr-capabilities' content='ocr_page ocr_carea ocr_par ocr_line ocrx_word'/>
</head>
<body>
  <div class='ocr_page' id='page_1' title='image "./tacitigermania02grimgoog_0132.png"; bbox 0 0 2934 4625; ppageno 0'>
   <div class='ocr_carea' id='block_1_1' title="bbox 265 238 933 312">
    <p class='ocr_par' dir='ltr' id='par_1_1' title="bbox 265 238 933 312">
     <span class='ocr_line' id='line_1_1' title="bbox 265 238 933 312; baseline 0.001 -2"><span class='ocrx_word' id='word_1_1' title='bbox 265 247 329 312; x_wconf 87' lang='lat' dir='ltr'><strong>ll8</strong></span> <span class='ocrx_word' id='word_1_2' title='bbox 613 243 673 310; x_wconf 78' lang='lat' dir='ltr'><strong>Ex</strong></span> <span class='ocrx_word' id='word_1_3' title='bbox 699 238 933 311; x_wconf 71' lang='lat' dir='ltr'>HISTORIIS</span> 
     </span>
    </p>
   </div>
   <div class='ocr_carea' id='block_1_2' title="bbox 264 413 1286 1302">
    <p class='ocr_par' dir='ltr' id='par_1_2' title="bbox 264 413 1286 1302">
     <span class='ocr_line' id='line_1_2' title="bbox 265 413 1285 503; baseline 0.004 -23"><span class='ocrx_word' id='word_1_4' title='bbox 265 439 316 481; x_wconf 83' lang='lat' dir='ltr'><strong>sae</strong></span> <span class='ocrx_word' id='word_1_5' title='bbox 353 419 461 480; x_wconf 86' lang='lat' dir='ltr'><strong>lintres</strong></span> <span class='ocrx_word' id='word_1_6' title='bbox 496 431 621 479; x_wconf 85' lang='lat' dir='ltr'><strong>vexere.</strong></span> <span class='ocrx_word' id='word_1_7' title='bbox 675 413 725 479; x_wconf 87' lang='lat' dir='ltr'><strong>Ne</strong></span> <span class='ocrx_word' id='word_1_8' title='bbox 758 428 827 482; x_wconf 90' lang='lat' dir='ltr'><strong>tum</strong></span> <span class='ocrx_word' id='word_1_9' title='bbox 859 416 986 503; x_wconf 88' lang='lat' dir='ltr'><strong>quidem</strong></span> <span class='ocrx_word' id='word_1_10' title='bbox 1019 437 1151 481; x_wconf 88' lang='lat' dir='ltr'><strong>romana</strong></span> <span class='ocrx_word' id='word_1_11' title='bbox 1181 418 1285 484; x_wconf 87' lang='lat' dir='ltr'><strong>classis</strong></span> 
     </span>
     <span class='ocr_line' id='line_1_3' title="bbox 265 529 1285 615; baseline 0.001 -22"><span class='ocrx_word' id='word_1_12' title='bbox 265 554 387 615; x_wconf 81' lang='lat' dir='ltr'><strong>pugnae</strong></span> <span class='ocrx_word' id='word_1_13' title='bbox 415 530 521 610; x_wconf 73' lang='lat' dir='ltr'><strong>attuit,</strong></span> <span class='ocrx_word' id='word_1_14' title='bbox 552 542 587 593; x_wconf 91' lang='lat' dir='ltr'><strong>nt</strong></span> <span class='ocrx_word' id='word_1_15' title='bbox 610 532 731 608; x_wconf 87' lang='lat' dir='ltr'><strong>jussum</strong></span> <span class='ocrx_word' id='word_1_16' title='bbox 752 541 835 609; x_wconf 88' lang='lat' dir='ltr'><strong>erat,</strong></span> <span class='ocrx_word' id='word_1_17' title='bbox 862 530 918 596; x_wconf 89' lang='lat' dir='ltr'><strong>sed</strong></span> <span class='ocrx_word' id='word_1_18' title='bbox 945 529 1066 595; x_wconf 89' lang='lat' dir='ltr'><strong>obstitit</strong></span> <span class='ocrx_word' id='word_1_19' title='bbox 1089 529 1226 596; x_wconf 83' lang='lat' dir='ltr'><strong>formido</strong></span> <span class='ocrx_word' id='word_1_20' title='bbox 1253 543 1285 596; x_wconf 86' lang='lat' dir='ltr'><strong>et</strong></span> 
     </span>
     <span class='ocr_line' id='line_1_4' title="bbox 264 642 1286 730; baseline -0.002 -20"><span class='ocrx_word' id='word_1_21' title='bbox 264 648 396 728; x_wconf 77' lang='lat' dir='ltr'><strong>remiges</strong></span> <span class='ocrx_word' id='word_1_22' title='bbox 418 668 478 730; x_wconf 88' lang='lat' dir='ltr'><strong>per</strong></span> <span class='ocrx_word' id='word_1_23' title='bbox 498 644 560 709; x_wconf 88' lang='lat' dir='ltr'><strong>elia</strong></span> <span class='ocrx_word' id='word_1_24' title='bbox 579 643 708 708; x_wconf 87' lang='lat' dir='ltr'><strong>militiae</strong></span> <span class='ocrx_word' id='word_1_25' title='bbox 730 644 839 708; x_wconf 90' lang='lat' dir='ltr'><strong>munia</strong></span> <span class='ocrx_word' id='word_1_26' title='bbox 858 642 1002 727; x_wconf 89' lang='lat' dir='ltr'><strong>dispersi.</strong></span> <span class='ocrx_word' id='word_1_27' title='bbox 1051 643 1134 707; x_wconf 86' lang='lat' dir='ltr'><strong>Sane</strong></span> <span class='ocrx_word' id='word_1_28' title='bbox 1155 643 1286 708; x_wconf 87' lang='lat' dir='ltr'><strong>Cerialis</strong></span> 
     </span>
     <span class='ocr_line' id='line_1_5' title="bbox 265 756 1286 843; baseline -0.002 -20"><span class='ocrx_word' id='word_1_29' title='bbox 265 781 377 843; x_wconf 86' lang='lat' dir='ltr'><strong>parum</strong></span> <span class='ocrx_word' id='word_1_30' title='bbox 402 759 553 842; x_wconf 88' lang='lat' dir='ltr'><strong>temporis</strong></span> <span class='ocrx_word' id='word_1_31' title='bbox 577 756 617 822; x_wconf 91' lang='lat' dir='ltr'><strong>ad</strong></span> <span class='ocrx_word' id='word_1_32' title='bbox 639 756 842 842; x_wconf 81' lang='lat' dir='ltr'><strong>exsequenda</strong></span> <span class='ocrx_word' id='word_1_33' title='bbox 864 756 996 842; x_wconf 86' lang='lat' dir='ltr'><strong>imperia</strong></span> <span class='ocrx_word' id='word_1_34' title='bbox 1023 756 1134 838; x_wconf 86' lang='lat' dir='ltr'><strong>dabat,</strong></span> <span class='ocrx_word' id='word_1_35' title='bbox 1163 759 1286 821; x_wconf 88' lang='lat' dir='ltr'><strong>subitus</strong></span> 
     </span>
     <span class='ocr_line' id='line_1_6' title="bbox 267 870 1286 955; baseline 0.001 -18"><span class='ocrx_word' id='word_1_36' title='bbox 267 875 419 955; x_wconf 87' lang='lat' dir='ltr'><strong>consiliis,</strong></span> <span class='ocrx_word' id='word_1_37' title='bbox 451 872 507 938; x_wconf 88' lang='lat' dir='ltr'><strong>sed</strong></span> <span class='ocrx_word' id='word_1_38' title='bbox 527 885 643 938; x_wconf 75' lang='lat' dir='ltr'><strong>euentu</strong></span> <span class='ocrx_word' id='word_1_39' title='bbox 667 876 782 939; x_wconf 80' lang='lat' dir='ltr'><strong>clanis.</strong></span> <span class='ocrx_word' id='word_1_40' title='bbox 822 870 932 938; x_wconf 82' lang='lat' dir='ltr'><strong>aderat</strong></span> <span class='ocrx_word' id='word_1_41' title='bbox 958 875 1086 938; x_wconf 86' lang='lat' dir='ltr'><strong>fortuna</strong></span> <span class='ocrx_word' id='word_1_42' title='bbox 1113 873 1206 937; x_wconf 88' lang='lat' dir='ltr'><strong>etiam</strong></span> <span class='ocrx_word' id='word_1_43' title='bbox 1229 874 1286 939; x_wconf 89' lang='lat' dir='ltr'><strong>ubi</strong></span> 
     </span>
     <span class='ocr_line' id='line_1_7' title="bbox 267 986 1285 1072; baseline -0.001 -19"><span class='ocrx_word' id='word_1_44' title='bbox 267 1004 348 1054; x_wconf 80' lang='lat' dir='ltr'><strong>artes</strong></span> <span class='ocrx_word' id='word_1_45' title='bbox 369 988 551 1054; x_wconf 72' lang='lat' dir='ltr'><strong>defuissent.</strong></span> <span class='ocrx_word' id='word_1_46' title='bbox 593 989 667 1054; x_wconf 83' lang='lat' dir='ltr'><strong>hinc</strong></span> <span class='ocrx_word' id='word_1_47' title='bbox 685 988 748 1072; x_wconf 85' lang='lat' dir='ltr'><strong>ipsi</strong></span> <span class='ocrx_word' id='word_1_48' title='bbox 767 987 982 1072; x_wconf 85' lang='lat' dir='ltr'><strong>exercituique</strong></span> <span class='ocrx_word' id='word_1_49' title='bbox 1000 988 1106 1053; x_wconf 88' lang='lat' dir='ltr'><strong>minor</strong></span> <span class='ocrx_word' id='word_1_50' title='bbox 1126 991 1201 1051; x_wconf 84' lang='lat' dir='ltr'><strong>c&#39;ura</strong></span> <span class='ocrx_word' id='word_1_51' title='bbox 1222 986 1285 1052; x_wconf 91' lang='lat' dir='ltr'><strong>dis-</strong></span> 
     </span>
     <span class='ocr_line' id='line_1_8' title="bbox 268 1099 1286 1187; baseline -0.001 -20"><span class='ocrx_word' id='word_1_52' title='bbox 268 1104 410 1186; x_wconf 87' lang='lat' dir='ltr'><strong>ciplinae.</strong></span> <span class='ocrx_word' id='word_1_53' title='bbox 468 1118 500 1166; x_wconf 86' lang='lat' dir='ltr'><strong>et</strong></span> <span class='ocrx_word' id='word_1_54' title='bbox 531 1115 648 1186; x_wconf 85' lang='lat' dir='ltr'><strong>paucos</strong></span> <span class='ocrx_word' id='word_1_55' title='bbox 676 1117 751 1187; x_wconf 86' lang='lat' dir='ltr'><strong>post</strong></span> <span class='ocrx_word' id='word_1_56' title='bbox 782 1099 868 1179; x_wconf 84' lang='lat' dir='ltr'><strong>dies,</strong></span> <span class='ocrx_word' id='word_1_57' title='bbox 900 1122 1083 1186; x_wconf 82' lang='lat' dir='ltr'><strong>quanquam</strong></span> <span class='ocrx_word' id='word_1_58' title='bbox 1111 1100 1286 1186; x_wconf 83' lang='lat' dir='ltr'><strong>periculum</strong></span> 
     </span>
     <span class='ocr_line' id='line_1_9' title="bbox 268 1216 1046 1302; baseline -0.003 -20"><span class='ocrx_word' id='word_1_59' title='bbox 268 1219 454 1302; x_wconf 81' lang='lat' dir='ltr'><strong>captivitatis</strong></span> <span class='ocrx_word' id='word_1_60' title='bbox 476 1216 637 1296; x_wconf 84' lang='lat' dir='ltr'><strong>evasisset,</strong></span> <span class='ocrx_word' id='word_1_61' title='bbox 659 1216 820 1282; x_wconf 80' lang='lat' dir='ltr'><strong>infamiam</strong></span> <span class='ocrx_word' id='word_1_62' title='bbox 841 1237 907 1280; x_wconf 92' lang='lat' dir='ltr'><strong>non</strong></span> <span class='ocrx_word' id='word_1_63' title='bbox 927 1217 1046 1283; x_wconf 78' lang='lat' dir='ltr'><strong>uitauit.</strong></span> 
     </span>
    </p>
   </div>
   <div class='ocr_carea' id='block_1_3' title="bbox 184 1327 1286 1414">
    <p class='ocr_par' dir='ltr' id='par_1_3' title="bbox 184 1327 1286 1414">
     <span class='ocr_line' id='line_1_10' title="bbox 184 1327 1286 1414; baseline -0.009 -13"><span class='ocrx_word' id='word_1_64' title='bbox 184 1348 253 1414; x_wconf 64' lang='lat' dir='ltr'><strong>sm</strong></span> <span class='ocrx_word' id='word_1_65' title='bbox 351 1333 516 1397; x_wconf 71' lang='lat' dir='ltr'><strong>Profectus</strong></span> <span class='ocrx_word' id='word_1_66' title='bbox 536 1331 709 1398; x_wconf 82' lang='lat' dir='ltr'><strong>Novesiu&#39;rn</strong></span> <span class='ocrx_word' id='word_1_67' title='bbox 728 1332 937 1414; x_wconf 77' lang='lat' dir='ltr'><strong>Bonnamque</strong></span> <span class='ocrx_word' id='word_1_68' title='bbox 964 1329 1005 1394; x_wconf 92' lang='lat' dir='ltr'><strong>ad</strong></span> <span class='ocrx_word' id='word_1_69' title='bbox 1030 1327 1161 1396; x_wconf 82' lang='lat' dir='ltr'><strong>uisenda</strong></span> <span class='ocrx_word' id='word_1_70' title='bbox 1185 1341 1286 1393; x_wconf 86' lang='lat' dir='ltr'><strong>castra</strong></span> 
     </span>
    </p>
   </div>
   <div class='ocr_carea' id='block_1_4' title="bbox 180 3856 251 3920">
    <p class='ocr_par' dir='ltr' id='par_1_4' title="bbox 180 3856 251 3920">
     <span class='ocr_line' id='line_1_11' title="bbox 180 3856 251 3920; baseline 0.028 -14"><span class='ocrx_word' id='word_1_71' title='bbox 180 3856 251 3920; x_wconf 61' lang='lat' dir='ltr'><strong>aas</strong></span> 
     </span>
    </p>
   </div>
   <div class='ocr_carea' id='block_1_5' title="bbox 266 1447 1288 3584">
    <p class='ocr_par' dir='ltr' id='par_1_5' title="bbox 266 1447 1288 3584">
     <span class='ocr_line' id='line_1_12' title="bbox 267 1447 1286 1530; baseline -0.002 -22"><span class='ocrx_word' id='word_1_72' title='bbox 267 1466 348 1528; x_wconf 86' lang='lat' dir='ltr'><strong>quae</strong></span> <span class='ocrx_word' id='word_1_73' title='bbox 370 1447 552 1511; x_wconf 87' lang='lat' dir='ltr'><strong>hiematuris</strong></span> <span class='ocrx_word' id='word_1_74' title='bbox 578 1447 755 1530; x_wconf 69' lang='lat' dir='ltr'><strong>legionibus</strong></span> <span class='ocrx_word' id='word_1_75' title='bbox 781 1447 982 1527; x_wconf 82' lang='lat' dir='ltr'><strong>erigebantur</strong></span> <span class='ocrx_word' id='word_1_76' title='bbox 1004 1447 1138 1511; x_wconf 78' lang='lat' dir='ltr'><strong>natibus</strong></span> <span class='ocrx_word' id='word_1_77' title='bbox 1166 1466 1286 1508; x_wconf 86' lang='lat' dir='ltr'><strong>remea-</strong></span> 
     </span>
     <span class='ocr_line' id='line_1_13' title="bbox 267 1553 1286 1645; baseline 0 -20"><span class='ocrx_word' id='word_1_78' title='bbox 267 1553 322 1626; x_wconf 81' lang='lat' dir='ltr'><strong>bat</strong></span> <span class='ocrx_word' id='word_1_79' title='bbox 342 1561 469 1643; x_wconf 78' lang='lat' dir='ltr'><strong>disjecto</strong></span> <span class='ocrx_word' id='word_1_80' title='bbox 490 1563 630 1645; x_wconf 79' lang='lat' dir='ltr'><strong>agmine,</strong></span> <span class='ocrx_word' id='word_1_81' title='bbox 657 1561 825 1626; x_wconf 76' lang='lat' dir='ltr'><strong>imuriosis</strong></span> <span class='ocrx_word' id='word_1_82' title='bbox 849 1563 975 1643; x_wconf 74' lang='lat' dir='ltr'><strong>sigiliis.</strong></span> <span class='ocrx_word' id='word_1_83' title='bbox 1024 1559 1286 1627; x_wconf 74' lang='lat' dir='ltr'><strong>Animadversum</strong></span> 
     </span>
     <span class='ocr_line' id='line_1_14' title="bbox 267 1672 1287 1758; baseline 0 -21"><span class='ocrx_word' id='word_1_84' title='bbox 267 1675 300 1737; x_wconf 89' lang='lat' dir='ltr'><strong>id</strong></span> <span class='ocrx_word' id='word_1_85' title='bbox 323 1674 506 1754; x_wconf 84' lang='lat' dir='ltr'><strong>Germanis,</strong></span> <span class='ocrx_word' id='word_1_86' title='bbox 536 1687 566 1739; x_wconf 90' lang='lat' dir='ltr'><strong>et</strong></span> <span class='ocrx_word' id='word_1_87' title='bbox 591 1672 721 1739; x_wconf 89' lang='lat' dir='ltr'><strong>insidias</strong></span> <span class='ocrx_word' id='word_1_88' title='bbox 748 1694 964 1758; x_wconf 78' lang='lat' dir='ltr'><strong>composuere.</strong></span> <span class='ocrx_word' id='word_1_89' title='bbox 1005 1677 1103 1740; x_wconf 83' lang='lat' dir='ltr'><strong>electa</strong></span> <span class='ocrx_word' id='word_1_90' title='bbox 1130 1696 1198 1738; x_wconf 83' lang='lat' dir='ltr'><strong>uox</strong></span> <span class='ocrx_word' id='word_1_91' title='bbox 1219 1686 1287 1738; x_wconf 86' lang='lat' dir='ltr'><strong>atra</strong></span> 
     </span>
     <span class='ocr_line' id='line_1_15' title="bbox 267 1790 1287 1874; baseline -0.002 -21"><span class='ocrx_word' id='word_1_92' title='bbox 267 1791 406 1854; x_wconf 90' lang='lat' dir='ltr'><strong>nubibus</strong></span> <span class='ocrx_word' id='word_1_93' title='bbox 412 1834 423 1871; x_wconf 95' lang='lat'><strong>,</strong></span> <span class='ocrx_word' id='word_1_94' title='bbox 453 1802 485 1853; x_wconf 90' lang='lat' dir='ltr'><strong>et</strong></span> <span class='ocrx_word' id='word_1_95' title='bbox 503 1811 607 1874; x_wconf 86' lang='lat' dir='ltr'><strong>prono</strong></span> <span class='ocrx_word' id='word_1_96' title='bbox 631 1811 722 1855; x_wconf 87' lang='lat' dir='ltr'><strong>amne</strong></span> <span class='ocrx_word' id='word_1_97' title='bbox 743 1793 829 1874; x_wconf 84' lang='lat' dir='ltr'><strong>rapti</strong></span> <span class='ocrx_word' id='word_1_98' title='bbox 850 1792 939 1855; x_wconf 90' lang='lat' dir='ltr'><strong>nullo</strong></span> <span class='ocrx_word' id='word_1_99' title='bbox 959 1790 1146 1873; x_wconf 83' lang='lat' dir='ltr'><strong>prohibente</strong></span> <span class='ocrx_word' id='word_1_100' title='bbox 1166 1790 1287 1854; x_wconf 80' lang='lat' dir='ltr'><strong>vallum</strong></span> 
     </span>
     <span class='ocr_line' id='line_1_16' title="bbox 266 1901 1286 1988; baseline -0.005 -21"><span class='ocrx_word' id='word_1_101' title='bbox 266 1905 389 1969; x_wconf 90' lang='lat' dir='ltr'><strong>ineunt.</strong></span> <span class='ocrx_word' id='word_1_102' title='bbox 430 1905 533 1988; x_wconf 85' lang='lat' dir='ltr'><strong>prims</strong></span> <span class='ocrx_word' id='word_1_103' title='bbox 554 1901 663 1968; x_wconf 87' lang='lat' dir='ltr'><strong>caedes</strong></span> <span class='ocrx_word' id='word_1_104' title='bbox 690 1917 759 1968; x_wconf 89' lang='lat' dir='ltr'><strong>astu</strong></span> <span class='ocrx_word' id='word_1_105' title='bbox 787 1901 910 1983; x_wconf 73' lang='lat' dir='ltr'><strong>adjutas</strong></span> <span class='ocrx_word' id='word_1_106' title='bbox 939 1903 1044 1966; x_wconf 85' lang='lat' dir='ltr'><strong>incisis</strong></span> <span class='ocrx_word' id='word_1_107' title='bbox 1068 1901 1286 1967; x_wconf 84' lang='lat' dir='ltr'><strong>tabernaculo·</strong></span> 
     </span>
     <span class='ocr_line' id='line_1_17' title="bbox 267 2015 1288 2100; baseline -0.001 -19"><span class='ocrx_word' id='word_1_108' title='bbox 267 2020 339 2081; x_wconf 76' lang='lat' dir='ltr'><strong>ium</strong></span> <span class='ocrx_word' id='word_1_109' title='bbox 372 2017 505 2081; x_wconf 85' lang='lat' dir='ltr'><strong>funibus</strong></span> <span class='ocrx_word' id='word_1_110' title='bbox 538 2017 666 2084; x_wconf 76' lang='lat' dir='ltr'><strong>suismet</strong></span> <span class='ocrx_word' id='word_1_111' title='bbox 700 2017 847 2082; x_wconf 81' lang='lat' dir='ltr'><strong>tentoriis·</strong></span> <span class='ocrx_word' id='word_1_112' title='bbox 876 2030 1041 2100; x_wconf 89' lang='lat' dir='ltr'><strong>coopertos</strong></span> <span class='ocrx_word' id='word_1_113' title='bbox 1078 2015 1288 2081; x_wconf 87' lang='lat' dir='ltr'><strong>trucidabant.</strong></span> 
     </span>
     <span class='ocr_line' id='line_1_18' title="bbox 267 2126 1286 2211; baseline -0.002 -17"><span class='ocrx_word' id='word_1_114' title='bbox 267 2128 353 2194; x_wconf 85' lang='lat' dir='ltr'><strong>aliud</strong></span> <span class='ocrx_word' id='word_1_115' title='bbox 382 2150 492 2211; x_wconf 76' lang='lat' dir='ltr'><strong>agmen</strong></span> <span class='ocrx_word' id='word_1_116' title='bbox 517 2133 647 2194; x_wconf 87' lang='lat' dir='ltr'><strong>turbare</strong></span> <span class='ocrx_word' id='word_1_117' title='bbox 675 2129 803 2193; x_wconf 85' lang='lat' dir='ltr'><strong>classone</strong></span> <span class='ocrx_word' id='word_1_118' title='bbox 810 2172 821 2209; x_wconf 92' lang='lat'><strong>,</strong></span> <span class='ocrx_word' id='word_1_119' title='bbox 849 2126 977 2208; x_wconf 86' lang='lat' dir='ltr'><strong>injicere</strong></span> <span class='ocrx_word' id='word_1_120' title='bbox 1004 2130 1126 2209; x_wconf 81' lang='lat' dir='ltr'><strong>uincla,</strong></span> <span class='ocrx_word' id='word_1_121' title='bbox 1158 2130 1286 2192; x_wconf 78' lang='lat' dir='ltr'><strong>trahere</strong></span> 
     </span>
     <span class='ocr_line' id='line_1_19' title="bbox 267 2242 1286 2330; baseline 0.001 -24"><span class='ocrx_word' id='word_1_122' title='bbox 267 2265 399 2329; x_wconf 80' lang='lat' dir='ltr'><strong>puppes.</strong></span> <span class='ocrx_word' id='word_1_123' title='bbox 441 2255 540 2330; x_wconf 90' lang='lat' dir='ltr'><strong>utque</strong></span> <span class='ocrx_word' id='word_1_124' title='bbox 561 2242 601 2307; x_wconf 84' lang='lat' dir='ltr'><strong>ad</strong></span> <span class='ocrx_word' id='word_1_125' title='bbox 622 2242 795 2308; x_wconf 81' lang='lat' dir='ltr'><strong>fallendum</strong></span> <span class='ocrx_word' id='word_1_126' title='bbox 818 2243 961 2324; x_wconf 86' lang='lat' dir='ltr'><strong>silentio,</strong></span> <span class='ocrx_word' id='word_1_127' title='bbox 986 2243 1032 2308; x_wconf 86' lang='lat' dir='ltr'><strong>ita</strong></span> <span class='ocrx_word' id='word_1_128' title='bbox 1049 2255 1159 2329; x_wconf 83' lang='lat' dir='ltr'><strong>coepte</strong></span> <span class='ocrx_word' id='word_1_129' title='bbox 1174 2242 1286 2324; x_wconf 87' lang='lat' dir='ltr'><strong>&#39;caede‚</strong></span> 
     </span>
     <span class='ocr_line' id='line_1_20' title="bbox 268 2356 1286 2442; baseline 0 -20"><span class='ocrx_word' id='word_1_130' title='bbox 268 2379 334 2442; x_wconf 84' lang='lat' dir='ltr'><strong>quo</strong></span> <span class='ocrx_word' id='word_1_131' title='bbox 361 2360 434 2442; x_wconf 87' lang='lat' dir='ltr'><strong>plus</strong></span> <span class='ocrx_word' id='word_1_132' title='bbox 462 2358 594 2423; x_wconf 82' lang='lat' dir='ltr'><strong>temesis</strong></span> <span class='ocrx_word' id='word_1_133' title='bbox 620 2356 788 2436; x_wconf 72' lang='lat' dir='ltr'><strong>adderent,</strong></span> <span class='ocrx_word' id='word_1_134' title='bbox 822 2371 934 2422; x_wconf 84' lang='lat' dir='ltr'><strong>cuncta</strong></span> <span class='ocrx_word' id='word_1_135' title='bbox 961 2359 1159 2425; x_wconf 85' lang='lat' dir='ltr'><strong>clamoribus¹</strong></span> <span class='ocrx_word' id='word_1_136' title='bbox 1174 2358 1286 2423; x_wconf 90' lang='lat' dir='ltr'><strong>misce·</strong></span> 
     </span>
     <span class='ocr_line' id='line_1_21' title="bbox 267 2474 1286 2559; baseline 0 -22"><span class='ocrx_word' id='word_1_137' title='bbox 267 2477 354 2538; x_wconf 86' lang='lat' dir='ltr'><strong>bant.</strong></span> <span class='ocrx_word' id='word_1_138' title='bbox 394 2474 532 2538; x_wconf 78' lang='lat' dir='ltr'><strong>Romani</strong></span> <span class='ocrx_word' id='word_1_139' title='bbox 551 2475 737 2540; x_wconf 79' lang='lat' dir='ltr'><strong>uulneribus</strong></span> <span class='ocrx_word' id='word_1_140' title='bbox 758 2474 851 2541; x_wconf 86' lang='lat' dir='ltr'><strong>exciti</strong></span> <span class='ocrx_word' id='word_1_141' title='bbox 870 2486 1027 2559; x_wconf 83' lang='lat' dir='ltr'><strong>quaerunt</strong></span> <span class='ocrx_word' id='word_1_142' title='bbox 1054 2495 1157 2554; x_wconf 85' lang='lat' dir='ltr'><strong>arma,</strong></span> <span class='ocrx_word' id='word_1_143' title='bbox 1187 2485 1286 2537; x_wconf 87' lang='lat' dir='ltr'><strong>ruunt</strong></span> 
     </span>
     <span class='ocr_line' id='line_1_22' title="bbox 267 2586 1286 2677; baseline -0.001 -26"><span class='ocrx_word' id='word_1_144' title='bbox 267 2610 325 2671; x_wconf 89' lang='lat' dir='ltr'><strong>per</strong></span> <span class='ocrx_word' id='word_1_145' title='bbox 338 2587 426 2667; x_wconf 77' lang='lat' dir='ltr'><strong>viae,</strong></span> <span class='ocrx_word' id='word_1_146' title='bbox 442 2588 534 2673; x_wconf 86' lang='lat' dir='ltr'><strong>pauci</strong></span> <span class='ocrx_word' id='word_1_147' title='bbox 554 2603 669 2655; x_wconf 88' lang='lat' dir='ltr'><strong>ornatu</strong></span> <span class='ocrx_word' id='word_1_148' title='bbox 688 2588 833 2669; x_wconf 87' lang='lat' dir='ltr'><strong>militari,</strong></span> <span class='ocrx_word' id='word_1_149' title='bbox 853 2590 997 2677; x_wconf 87' lang='lat' dir='ltr'><strong>plerique</strong></span> <span class='ocrx_word' id='word_1_150' title='bbox 1021 2591 1137 2656; x_wconf 69' lang='lat' dir='ltr'><strong>oneum</strong></span> <span class='ocrx_word' id='word_1_151' title='bbox 1150 2586 1286 2655; x_wconf 77' lang='lat' dir='ltr'><strong>brachia</strong></span> 
     </span>
     <span class='ocr_line' id='line_1_23' title="bbox 267 2703 1286 2771; baseline 0 -4"><span class='ocrx_word' id='word_1_152' title='bbox 267 2716 351 2768; x_wconf 89' lang='lat' dir='ltr'><strong>torta</strong></span> <span class='ocrx_word' id='word_1_153' title='bbox 370 2715 457 2771; x_wconf 80' lang='lat' dir='ltr'><strong>reste</strong></span> <span class='ocrx_word' id='word_1_154' title='bbox 478 2718 509 2768; x_wconf 89' lang='lat' dir='ltr'><strong>et</strong></span> <span class='ocrx_word' id='word_1_155' title='bbox 531 2704 645 2768; x_wconf 88' lang='lat' dir='ltr'><strong>strictis</strong></span> <span class='ocrx_word' id='word_1_156' title='bbox 665 2704 880 2770; x_wconf 84' lang='lat' dir='ltr'><strong>mucronibus.</strong></span> <span class='ocrx_word' id='word_1_157' title='bbox 929 2703 997 2769; x_wconf 80' lang='lat' dir='ltr'><strong>dur¹</strong></span> <span class='ocrx_word' id='word_1_158' title='bbox 1021 2703 1227 2771; x_wconf 85' lang='lat' dir='ltr'><strong>semisomnus</strong></span> <span class='ocrx_word' id='word_1_159' title='bbox 1249 2723 1286 2767; x_wconf 84' lang='lat' dir='ltr'><strong>ec</strong></span> 
     </span>
     <span class='ocr_line' id='line_1_24' title="bbox 267 2815 1285 2902; baseline -0.001 -21"><span class='ocrx_word' id='word_1_160' title='bbox 267 2836 369 2900; x_wconf 87' lang='lat' dir='ltr'><strong>prope</strong></span> <span class='ocrx_word' id='word_1_161' title='bbox 389 2817 522 2880; x_wconf 86' lang='lat' dir='ltr'><strong>intectus</strong></span> <span class='ocrx_word' id='word_1_162' title='bbox 544 2837 654 2882; x_wconf 84' lang='lat' dir='ltr'><strong>errore</strong></span> <span class='ocrx_word' id='word_1_163' title='bbox 676 2815 816 2883; x_wconf 84' lang='lat' dir='ltr'><strong>bostium</strong></span> <span class='ocrx_word' id='word_1_164' title='bbox 837 2830 987 2884; x_wconf 84' lang='lat' dir='ltr'><strong>servatur.</strong></span> <span class='ocrx_word' id='word_1_165' title='bbox 1034 2839 1172 2902; x_wconf 88' lang='lat' dir='ltr'><strong>namque</strong></span> <span class='ocrx_word' id='word_1_166' title='bbox 1192 2835 1285 2900; x_wconf 88' lang='lat' dir='ltr'><strong>prae·</strong></span> 
     </span>
     <span class='ocr_line' id='line_1_25' title="bbox 267 2928 1287 3013; baseline 0 -22"><span class='ocrx_word' id='word_1_167' title='bbox 267 2930 380 2993; x_wconf 87' lang='lat' dir='ltr'><strong>torinm</strong></span> <span class='ocrx_word' id='word_1_168' title='bbox 402 2950 514 2993; x_wconf 81' lang='lat' dir='ltr'><strong>navem</strong></span> <span class='ocrx_word' id='word_1_169' title='bbox 538 2928 657 2996; x_wconf 76' lang='lat' dir='ltr'><strong>vexillo</strong></span> <span class='ocrx_word' id='word_1_170' title='bbox 678 2929 849 3013; x_wconf 74' lang='lat' dir='ltr'><strong>insignem,</strong></span> <span class='ocrx_word' id='word_1_171' title='bbox 877 2931 941 2997; x_wconf 91' lang='lat' dir='ltr'><strong>illic</strong></span> <span class='ocrx_word' id='word_1_172' title='bbox 961 2930 1073 2996; x_wconf 90' lang='lat' dir='ltr'><strong>ducem</strong></span> <span class='ocrx_word' id='word_1_173' title='bbox 1091 2932 1170 3010; x_wconf 81' lang='lat' dir='ltr'><strong>rati,</strong></span> <span class='ocrx_word' id='word_1_174' title='bbox 1200 2929 1287 2993; x_wconf 84' lang='lat' dir='ltr'><strong>abri-</strong></span> 
     </span>
     <span class='ocr_line' id='line_1_26' title="bbox 267 3041 1286 3127; baseline -0.002 -21"><span class='ocrx_word' id='word_1_175' title='bbox 267 3043 369 3126; x_wconf 90' lang='lat' dir='ltr'><strong>piunt.</strong></span> <span class='ocrx_word' id='word_1_176' title='bbox 411 3043 541 3107; x_wconf 75' lang='lat' dir='ltr'><strong>CeriaIIs</strong></span> <span class='ocrx_word' id='word_1_177' title='bbox 562 3044 638 3106; x_wconf 91' lang='lat' dir='ltr'><strong>alibi</strong></span> <span class='ocrx_word' id='word_1_178' title='bbox 659 3056 785 3108; x_wconf 88' lang='lat' dir='ltr'><strong>noctem</strong></span> <span class='ocrx_word' id='word_1_179' title='bbox 812 3056 935 3126; x_wconf 83' lang='lat' dir='ltr'><strong>egeret,</strong></span> <span class='ocrx_word' id='word_1_180' title='bbox 965 3056 1001 3110; x_wconf 89' lang='lat' dir='ltr'><strong>ut</strong></span> <span class='ocrx_word' id='word_1_181' title='bbox 1020 3044 1165 3127; x_wconf 85' lang='lat' dir='ltr'><strong>plerique</strong></span> <span class='ocrx_word' id='word_1_182' title='bbox 1185 3041 1286 3106; x_wconf 89' lang='lat' dir='ltr'><strong>credi·</strong></span> 
     </span>
     <span class='ocr_line' id='line_1_27' title="bbox 268 3153 1287 3235; baseline 0.002 -19"><span class='ocrx_word' id='word_1_183' title='bbox 268 3153 357 3231; x_wconf 87' lang='lat' dir='ltr'><strong>dere,</strong></span> <span class='ocrx_word' id='word_1_184' title='bbox 380 3156 422 3216; x_wconf 88' lang='lat' dir='ltr'><strong>ob</strong></span> <span class='ocrx_word' id='word_1_185' title='bbox 443 3166 586 3235; x_wconf 88' lang='lat' dir='ltr'><strong>stuprum</strong></span> <span class='ocrx_word' id='word_1_186' title='bbox 607 3154 757 3218; x_wconf 86' lang='lat' dir='ltr'><strong>Claudias</strong></span> <span class='ocrx_word' id='word_1_187' title='bbox 778 3153 937 3232; x_wconf 83' lang='lat' dir='ltr'><strong>Sacratae,</strong></span> <span class='ocrx_word' id='word_1_188' title='bbox 957 3156 1097 3219; x_wconf 88' lang='lat' dir='ltr'><strong>mulieris</strong></span> <span class='ocrx_word' id='word_1_189' title='bbox 1120 3155 1229 3232; x_wconf 85' lang='lat' dir='ltr'><strong>ubiae,</strong></span> <span class='ocrx_word' id='word_1_190' title='bbox 1253 3167 1287 3218; x_wconf 84' lang='lat' dir='ltr'><strong>et</strong></span> 
     </span>
     <span class='ocr_line' id='line_1_28' title="bbox 267 3265 1286 3349; baseline 0.001 -18"><span class='ocrx_word' id='word_1_191' title='bbox 267 3267 373 3349; x_wconf 79' lang='lat' dir='ltr'><strong>vigiles</strong></span> <span class='ocrx_word' id='word_1_192' title='bbox 393 3265 545 3348; x_wconf 81' lang='lat' dir='ltr'><strong>flagitium</strong></span> <span class='ocrx_word' id='word_1_193' title='bbox 563 3286 656 3333; x_wconf 88' lang='lat' dir='ltr'><strong>suum</strong></span> <span class='ocrx_word' id='word_1_194' title='bbox 686 3265 774 3332; x_wconf 88' lang='lat' dir='ltr'><strong>ducis</strong></span> <span class='ocrx_word' id='word_1_195' title='bbox 799 3265 953 3332; x_wconf 87' lang='lat' dir='ltr'><strong>dedecore</strong></span> <span class='ocrx_word' id='word_1_196' title='bbox 981 3272 1188 3348; x_wconf 74' lang='lat' dir='ltr'><strong>excusabant,</strong></span> <span class='ocrx_word' id='word_1_197' title='bbox 1215 3280 1286 3332; x_wconf 88' lang='lat' dir='ltr'><strong>tun·</strong></span> 
     </span>
     <span class='ocr_line' id='line_1_29' title="bbox 268 3380 1286 3466; baseline -0.002 -21"><span class='ocrx_word' id='word_1_198' title='bbox 268 3402 363 3466; x_wconf 87' lang='lat' dir='ltr'><strong>quam</strong></span> <span class='ocrx_word' id='word_1_199' title='bbox 385 3380 463 3460; x_wconf 86' lang='lat' dir='ltr'><strong>jussi</strong></span> <span class='ocrx_word' id='word_1_200' title='bbox 482 3381 574 3445; x_wconf 87' lang='lat' dir='ltr'><strong>silere</strong></span> <span class='ocrx_word' id='word_1_201' title='bbox 595 3400 636 3445; x_wconf 84' lang='lat' dir='ltr'><strong>ne</strong></span> <span class='ocrx_word' id='word_1_202' title='bbox 658 3380 798 3465; x_wconf 84' lang='lat' dir='ltr'><strong>quietem</strong></span> <span class='ocrx_word' id='word_1_203' title='bbox 821 3383 889 3460; x_wconf 83' lang='lat' dir='ltr'><strong>eius</strong></span> <span class='ocrx_word' id='word_1_204' title='bbox 909 3383 1090 3447; x_wconf 78' lang='lat' dir='ltr'><strong>turbarents</strong></span> <span class='ocrx_word' id='word_1_205' title='bbox 1116 3382 1163 3445; x_wconf 90' lang='lat' dir='ltr'><strong>ita</strong></span> <span class='ocrx_word' id='word_1_206' title='bbox 1186 3381 1286 3444; x_wconf 87' lang='lat' dir='ltr'><strong>inter·</strong></span> 
     </span>
     <span class='ocr_line' id='line_1_30' title="bbox 267 3497 1286 3584; baseline 0.002 -24"><span class='ocrx_word' id='word_1_207' title='bbox 267 3499 362 3562; x_wconf 89' lang='lat' dir='ltr'><strong>misso</strong></span> <span class='ocrx_word' id='word_1_208' title='bbox 390 3498 479 3580; x_wconf 82' lang='lat' dir='ltr'><strong>signo</strong></span> <span class='ocrx_word' id='word_1_209' title='bbox 506 3510 538 3563; x_wconf 89' lang='lat' dir='ltr'><strong>et</strong></span> <span class='ocrx_word' id='word_1_210' title='bbox 564 3497 696 3563; x_wconf 76' lang='lat' dir='ltr'><strong>vocibus</strong></span> <span class='ocrx_word' id='word_1_211' title='bbox 723 3518 757 3563; x_wconf 91' lang='lat' dir='ltr'><strong>se</strong></span> <span class='ocrx_word' id='word_1_212' title='bbox 785 3517 913 3584; x_wconf 85' lang='lat' dir='ltr'><strong>quoque</strong></span> <span class='ocrx_word' id='word_1_213' title='bbox 936 3499 974 3561; x_wconf 88' lang='lat' dir='ltr'><strong>in</strong></span> <span class='ocrx_word' id='word_1_214' title='bbox 1002 3518 1148 3563; x_wconf 91' lang='lat' dir='ltr'><strong>somnum</strong></span> <span class='ocrx_word' id='word_1_215' title='bbox 1170 3500 1286 3580; x_wconf 88' lang='lat' dir='ltr'><strong>lapsos.</strong></span> 
     </span>
    </p>
   </div>
   <div class='ocr_carea' id='block_1_6' title="bbox 266 3611 1283 4040">
    <p class='ocr_par' dir='ltr' id='par_1_6' title="bbox 267 3611 1283 3699">
     <span class='ocr_line' id='line_1_31' title="bbox 267 3611 1283 3699; baseline 0.001 -23"><span class='ocrx_word' id='word_1_216' title='bbox 267 3615 369 3677; x_wconf 85' lang='lat' dir='ltr'><strong>Multa</strong></span> <span class='ocrx_word' id='word_1_217' title='bbox 395 3616 466 3677; x_wconf 86' lang='lat' dir='ltr'><strong>luce</strong></span> <span class='ocrx_word' id='word_1_218' title='bbox 494 3613 611 3680; x_wconf 81' lang='lat' dir='ltr'><strong>revecti</strong></span> <span class='ocrx_word' id='word_1_219' title='bbox 638 3614 745 3678; x_wconf 87' lang='lat' dir='ltr'><strong>hostes</strong></span> <span class='ocrx_word' id='word_1_220' title='bbox 773 3612 903 3699; x_wconf 83' lang='lat' dir='ltr'><strong>captivis</strong></span> <span class='ocrx_word' id='word_1_221' title='bbox 932 3614 1066 3680; x_wconf 83' lang='lat' dir='ltr'><strong>navibus</strong></span> <span class='ocrx_word' id='word_1_222' title='bbox 1093 3611 1283 3696; x_wconf 87' lang='lat' dir='ltr'><strong>praetoriam</strong></span> 
     </span>
    </p>

    <p class='ocr_par' dir='ltr' id='par_1_7' title="bbox 266 3723 1282 3922">
     <span class='ocr_line' id='line_1_32' title="bbox 266 3723 1156 3809; baseline 0.003 -22"><span class='ocrx_word' id='word_1_223' title='bbox 266 3726 425 3791; x_wconf 86' lang='lat' dir='ltr'><strong>triremem</strong></span> <span class='ocrx_word' id='word_1_224' title='bbox 447 3723 575 3790; x_wconf 86' lang='lat' dir='ltr'><strong>flumine</strong></span> <span class='ocrx_word' id='word_1_225' title='bbox 594 3726 700 3809; x_wconf 88' lang='lat' dir='ltr'><strong>Lupia</strong></span> <span class='ocrx_word' id='word_1_226' title='bbox 723 3724 843 3792; x_wconf 91' lang='lat' dir='ltr'><strong>donum</strong></span> <span class='ocrx_word' id='word_1_227' title='bbox 863 3726 1002 3792; x_wconf 87' lang='lat' dir='ltr'><strong>Veledae</strong></span> <span class='ocrx_word' id='word_1_228' title='bbox 1020 3740 1156 3792; x_wconf 85' lang='lat' dir='ltr'><strong>traxere.</strong></span> 
     </span>
     <span class='ocr_line' id='line_1_33' title="bbox 352 3837 1282 3922; baseline 0.002 -18"><span class='ocrx_word' id='word_1_229' title='bbox 352 3840 484 3907; x_wconf 83' lang='lat' dir='ltr'><strong>Civilem</strong></span> <span class='ocrx_word' id='word_1_230' title='bbox 510 3837 625 3922; x_wconf 88' lang='lat' dir='ltr'><strong>cupido</strong></span> <span class='ocrx_word' id='word_1_231' title='bbox 654 3839 781 3905; x_wconf 83' lang='lat' dir='ltr'><strong>incessit</strong></span> <span class='ocrx_word' id='word_1_232' title='bbox 802 3843 944 3906; x_wconf 84' lang='lat' dir='ltr'><strong>navalem</strong></span> <span class='ocrx_word' id='word_1_233' title='bbox 971 3840 1068 3905; x_wconf 87' lang='lat' dir='ltr'><strong>aciem</strong></span> <span class='ocrx_word' id='word_1_234' title='bbox 1096 3838 1282 3907; x_wconf 86' lang='lat' dir='ltr'><strong>ostentandi.</strong></span> 
     </span>
    </p>

    <p class='ocr_par' dir='ltr' id='par_1_8' title="bbox 268 3951 1282 4040">
     <span class='ocr_line' id='line_1_34' title="bbox 268 3951 1282 4040; baseline -0.003 -21"><span class='ocrx_word' id='word_1_235' title='bbox 268 3959 401 4039; x_wconf 90' lang='lat' dir='ltr'><strong>complet</strong></span> <span class='ocrx_word' id='word_1_236' title='bbox 431 3952 516 4040; x_wconf 80' lang='lat' dir='ltr'><strong>quod</strong></span> <span class='ocrx_word' id='word_1_237' title='bbox 543 3951 710 4017; x_wconf 89' lang='lat' dir='ltr'><strong>biremium</strong></span> <span class='ocrx_word' id='word_1_238' title='bbox 741 3976 885 4040; x_wconf 82' lang='lat' dir='ltr'><strong>quasque</strong></span> <span class='ocrx_word' id='word_1_239' title='bbox 910 3956 1043 4038; x_wconf 85' lang='lat' dir='ltr'><strong>simplici</strong></span> <span class='ocrx_word' id='word_1_240' title='bbox 1072 3954 1181 4020; x_wconf 88' lang='lat' dir='ltr'><strong>ordine</strong></span> <span class='ocrx_word' id='word_1_241' title='bbox 1212 3976 1282 4034; x_wconf 82' lang='lat' dir='ltr'><strong>age·</strong></span> 
     </span>
    </p>
   </div>
   <div class='ocr_carea' id='block_1_7' title="bbox 0 0 1473 4625">
    <p class='ocr_par' dir='ltr' id='par_1_9' title="bbox 0 0 1473 4625">
     <span class='ocr_line' id='line_1_35' title="bbox 0 0 1473 4625; baseline 0 0"><span class='ocrx_word' id='word_1_242' title='bbox 0 0 1473 4625; x_wconf 95' lang='lat' dir='ltr'><strong> </strong></span> 
     </span>
    </p>
   </div>
  </div>
 </body>
</html>
