2934 4625
489 265 552 346 nx
575 259 829 347 annamnus
1124 283 1169 352 ss

147 460 235 545 poris
256 472 287 525 et
303 461 422 541 impetu
445 458 519 541 equi
536 457 683 540 pervasit,
705 458 820 521 oblitus
844 456 955 520 faciem
976 477 1034 521 suo
1057 480 1169 523 cruore

147 598 188 639 ne
209 586 400 639 nosceretur.
443 571 572 656 quidam
594 572 733 651 agnitum
754 595 772 633 a
797 571 930 634 Cauchis
950 570 1034 634 inter
1052 574 1170 636 auxilia

146 709 277 751 romana
308 687 471 767 agentibus
499 671 708 766 emissumque
735 683 941 747 tradiderunt.
988 685 1085 749 virtus
1110 706 1170 748 seu

147 802 235 864 fraus
263 799 373 863 eadem
401 800 601 878 Inguiomero
631 799 781 879 effugium
806 785 907 862 dddit:
939 802 1033 863 ceteri
1054 801 1170 882 passim

58 923 64 928 “
148 915 304 980 trucidati.
348 929 378 979 et
407 917 577 996 plerosque
605 927 732 977 tranare
760 914 920 993 Visurgim
944 927 1107 976 conantes·
1120 915 1170 976 io·

146 1035 227 1106 jecta
244 1030 308 1091 tela
328 1040 382 1090 aut
402 1026 450 1089 vis
473 1025 628 1102 fluminis,
657 1040 816 1108 postremo
838 1029 937 1088 moles
961 1026 1120 1088 ruentium
1140 1040 1171 1090 et

145 1138 319 1202 incidentes
338 1139 427 1221 ripae
448 1157 612 1220 operuere.
656 1135 786 1219 quidam
803 1140 888 1221 turpi
903 1140 976 1219 fuga
996 1140 1030 1200 in
1052 1161 1171 1203 summa

145 1254 298 1316 arborum
324 1253 385 1316 nisi
404 1254 561 1337 ramisque
583 1272 616 1317 se
637 1256 828 1317 occultantes
850 1253 984 1318 admotis
1007 1254 1171 1336 sagittariis

146 1386 205 1449 per
235 1365 408 1429 ludibrium
435 1366 630 1447 figebantur:
668 1369 746 1430 ulios
778 1382 929 1450 prorutae
963 1373 1094 1433 arbores
1124 1372 1172 1432 al·

143 1480 267 1545 flixere.
307 1481 424 1562 Magna
444 1504 482 1544 ea
503 1483 635 1546 victoria
656 1504 761 1567 neque
783 1496 912 1548 cruenta
933 1485 1025 1547 nobis
1048 1485 1117 1547 tuit.

232 1593 352 1671 Quinta
374 1597 413 1657 ab
435 1598 515 1657 hora
536 1593 600 1655 diei
628 1592 668 1655 ad
689 1609 813 1658 noctem
834 1597 917 1658 caesi
936 1598 1042 1659 hostes
1064 1596 1258 1672 decemuts

147 1708 245 1773 millia
265 1723 416 1790 passuum
436 1705 641 1772 cadaveribus
663 1721 757 1792 atque
784 1711 877 1772 armis
902 1710 1088 1790 opplevere,
1121 1729 1172 1770 re-

146 1826 243 1907 pertis
265 1826 348 1887 inter
369 1825 469 1906 spolia
491 1845 602 1888 eorum
627 1824 759 1902 catenis,
790 1844 869 1907 quas
895 1825 928 1887 in
954 1826 1115 1916 Romanos
1137 1837 1172 1887 ut

149 1960 214 2001 non
243 1938 340 2002 dubio
370 1953 485 2003 eventu
513 1953 726 2022 portaverant.
754 1939 865 2001 Miles
893 1940 926 1999 in
956 1942 1026 2002 loco
1056 1938 1172 2021 proelii

147 2053 312 2115 Tiberitun
333 2052 555 2133 imperatorem
584 2053 731 2116 salutavit
754 2050 930 2134 struxitque
953 2069 1111 2131 aggerem,
1140 2062 1171 2112 et

146 2167 180 2228 in
209 2166 337 2227 modum
365 2178 568 2247 tropaeorum
597 2189 684 2229 arma
713 2166 898 2249 subscriptis
924 2166 1074 2232 victamrm
1096 2186 1171 2246 gen·

144 2280 224 2342 tisun
245 2278 424 2342 nominibus
447 2282 604 2362 imposuit.

231 2390 324 2455 Haud
357 2390 488 2473 perinde
518 2393 694 2457 Germanos
721 2398 871 2474 munera,
902 2396 1018 2469 luctus,
1050 2389 1255 2476 excidioqso

148 2498 242 2589 quam
266 2527 303 2568 ea
324 2507 443 2586 species
465 2504 574 2568 dolore
596 2519 626 2569 et
646 2508 695 2568 ira
716 2511 828 2571 affecit.
877 2508 934 2590 qui
958 2508 1053 2570 modo
1083 2511 1170 2570 abire

147 2619 291 2698 sedibus,
316 2632 402 2682 trans
424 2614 529 2682 Albim
556 2620 728 2684 concedere
758 2622 927 2704 parabant,
954 2640 1092 2701 pugnam
1114 2640 1171 2681 vo·

145 2738 231 2814 lunt,
260 2755 347 2797 orma
366 2734 512 2814 rapiunt:
543 2737 668 2815 plebes,
697 2736 869 2815 primores,
888 2740 1052 2814 juventus,
1080 2753 1171 2795 senes

147 2871 260 2931 agmen
280 2869 446 2911 romanum
468 2864 597 2930 repente
620 2849 798 2927 incursant,
829 2852 968 2914 turbant.
1011 2863 1170 2931 postremo

142 2965 286 3045 deligunt
315 2966 421 3025 locum
452 2961 581 3025 flumine
616 2979 647 3028 et
681 2964 766 3027 silvis
797 2965 954 3042 clausum,
991 2975 1058 3024 arta
1086 2961 1171 3023 intus

145 3077 276 3161 planitie
296 3089 327 3138 et
346 3075 494 3138 humida:
525 3075 618 3138 silvas
649 3096 778 3159 quoque
808 3072 970 3158 profunda
993 3074 1084 3157 palus
1106 3094 1171 3135 am·

145 3196 249 3272 bibat,
280 3192 341 3254 nisi
362 3189 450 3274 quod
469 3193 550 3253 latus
572 3211 672 3253 unum
692 3193 872 3273 Angrivarii
897 3197 962 3257 lato
983 3211 1093 3272 aggere
1114 3211 1170 3252 ex·

146 3312 297 3384 tulerant,
321 3328 428 3390 quoa
452 3305 617 3370 Cheruscis
642 3305 874 3371 dirimerentur.
920 3309 972 3371 hic
994 3306 1092 3388 pedes
1114 3305 1170 3366 ad·

147 3421 240 3484 stitit:
275 3419 412 3502 equitem
433 3419 623 3503 propinquis
643 3420 722 3482 lucis
742 3434 867 3501 texere,
895 3433 931 3483 ut
948 3418 1095 3502 ingressis
1116 3419 1170 3481 sil·

146 3557 219 3597 vam
239 3535 414 3614 legionibus
435 3556 454 3597 a
473 3550 560 3616 tergo
582 3537 676 3598 foret.

232 3651 322 3714 Nihil
352 3671 393 3712 ex
422 3652 473 3713 his
501 3651 618 3714 caesari
646 3651 859 3730 incognitum:
893 3651 1040 3729 consilia,
1073 3652 1169 3729 locos,
1183 3678 1255 3740 22²⁰

146 3779 311 3847 prompta,
346 3766 466 3828 occulta
489 3778 638 3845 noverat,
673 3770 819 3849 astusque
843 3767 979 3830 hostium
1001 3768 1034 3829 in
1062 3770 1170 3851 perni-

148 3881 224 3944 ciem
247 3881 323 3962 ipsis
347 3882 497 3946 vertebat
547 3880 620 3959 Sejo
642 3881 805 3943 Tuberoni
828 3883 929 3963 legato
958 3880 1051 3945 tradit
1081 3880 1170 3962 equi·

146 4005 207 4056 tem
235 4015 458 4077 campumque,
488 3994 631 4076 peditum
659 3997 756 4061 aciem
777 3996 820 4059 ita
846 3998 1011 4074 instruxit,
1039 4008 1075 4056 ut
1096 4013 1169 4074 pars
