2934 4625
316 255 360 321 80
659 251 723 320 ux
744 250 982 321 HISTORIIS

317 442 430 512 gantur
449 427 528 493 duee
549 429 676 514 Aquilio
699 428 902 513 primipilari,
928 449 1044 492 nomen
1066 427 1163 509 magis
1186 427 1343 493 exercitus

318 567 414 631 quam
434 546 550 609 robure
578 546 696 627 quippe
725 544 847 609 viribus
873 543 1049 608 cohortium
1072 539 1215 606 abductis
1240 543 1342 607 Vitel-

317 660 379 722 lius
396 680 413 720 e
428 657 579 741 proximis
595 657 786 724 Nerviorum
804 657 1098 742 Germanorumque
1113 657 1199 740 pagis
1215 678 1340 740 segnem

320 792 486 835 numerum
505 773 599 834 armis
621 782 817 836 oneraverat.

232 926 304 991 4²1⁶
403 885 511 948 Civilis
538 882 613 948 dolo
634 882 837 966 grassandum
857 896 944 948 ratus
964 883 1120 951 incusavit
1142 887 1227 948 ultro
1248 904 1342 967 prae·

317 999 414 1061 sectos
444 995 532 1081 quod
558 1001 683 1062 castella
710 996 935 1062 deseruissent:
967 1019 1001 1062 ss
1032 1018 1104 1063 cum
1132 1001 1260 1063 cohorte
1290 1001 1342 1062 eui
1453 989 1454 1038 1

317 1126 461 1195 praeerat
480 1113 710 1178 canninefatem
729 1115 899 1177 tumultum
920 1134 1189 1197 compressurum:
1214 1113 1263 1175 illi
1283 1132 1341 1174 sua

318 1233 452 1314 quisque
478 1230 612 1292 hiberna
642 1240 830 1311 repeterent.
872 1228 1006 1292 Subesse
1035 1228 1180 1296 fraudem
1208 1230 1340 1292 consilio

318 1357 349 1408 at
377 1343 546 1428 dispersae
561 1344 707 1408 cohortes
734 1345 857 1408 facilius
881 1344 1034 1426 opprimi,
1064 1366 1123 1407 nec
1142 1345 1340 1407 Brinnonem

317 1457 429 1522 ducem
450 1464 516 1537 ejus
539 1459 614 1520 belli
634 1457 690 1522 sed
711 1456 844 1521 Civilem
865 1478 931 1520 essa
951 1458 1072 1540 patuit,
1102 1458 1340 1540 erumpentibus

316 1572 468 1656 paulatim
488 1570 627 1648 indiciis,
651 1591 733 1653 quae
755 1569 922 1651 Germani,
948 1570 1031 1633 laeta
1051 1571 1135 1634 hello
1156 1589 1247 1650 gens,
1271 1589 1342 1630 non
1453 1609 1454 1614 κ

317 1687 373 1752 diu
394 1691 636 1754 occultaverant.
677 1686 743 1751 Ubi
765 1686 897 1750 incidiae
918 1709 1029 1770 parum
1053 1707 1188 1765 cessere,
1214 1683 1253 1746 ad
1273 1685 1342 1747 uim

314 1815 525 1884 transgressus
547 1801 786 1882 Canninefates,
807 1802 943 1882 Frisios,
967 1804 1102 1882 Batavos
1123 1801 1261 1883 propriis
1285 1822 1340 1861 cu·

316 1915 383 1978 neis
404 1915 574 1997 componit.
617 1916 746 1980 Directa
767 1938 807 1980 ex
835 1916 960 1982 diverso
981 1918 1061 1982 acies
1082 1914 1167 1978 haud
1188 1917 1300 1997 procul
1320 1937 1341 1977 a

315 2026 445 2089 flumine
464 2029 578 2090 Rheno
600 2041 631 2090 et
650 2029 793 2092 obvertit
815 2030 848 2091 in
870 2031 993 2093 hostem
1014 2030 1164 2107 navibus,
1190 2019 1268 2113 quas
1288 2029 1341 2091 in·

316 2140 416 2203 oensis
438 2141 570 2203 castellis
592 2139 666 2201 illuc
694 2142 890 2222 appulerant.
938 2142 1005 2205 Nec
1033 2142 1087 2206 diu
1111 2154 1227 2204 certato
1248 2143 1340 2203 Tun·

316 2270 446 2333 grorum
473 2253 587 2316 cohors
608 2252 696 2333 signa
717 2250 757 2315 ad
779 2252 910 2321 Civilem
935 2257 1111 2334 transtulit,
1139 2255 1340 2339 perculsique

315 2369 428 2431 milites
449 2368 621 2450 improvisa
643 2367 822 2450 proditione
844 2394 863 2434 a
890 2372 981 2435 sociis
1002 2373 1208 2456 hostibusque
1229 2369 1339 2435 caede·

315 2483 442 2546 bantur.
484 2481 601 2545 Eadem
631 2483 725 2545 etiam
752 2486 885 2549 navibus
907 2484 1049 2566 perfidia.
1089 2506 1163 2567 pars
1184 2485 1338 2564 remigum

316 2616 333 2656 e
354 2596 481 2661 Batavis
502 2607 653 2679 tanquam
674 2597 831 2677 imperitia
850 2597 952 2659 officia
972 2613 1139 2677 nautarum
1156 2618 1339 2681 propugna-

314 2722 483 2793 torumque
504 2708 728 2792 impediebant.
769 2731 845 2774 mox
869 2724 978 2774 contra
995 2714 1141 2793 tendere,
1163 2727 1195 2777 et
1214 2733 1339 2796 puppes

314 2825 422 2888 hostili
442 2826 530 2906 ripae
552 2827 699 2903 objicere.
743 2826 782 2890 ad
803 2840 996 2910 postremum
1016 2833 1240 2910 gubernatores
1264 2848 1339 2892 cen-

314 2941 521 3021 turionesque
548 2939 611 3000 nisi
640 2937 750 3001 eadem
772 2943 914 3005 volentes
942 2941 1114 3021 trucidant,
1144 2942 1245 3006 donec
1265 2943 1339 3004 uni·

312 3073 405 3116 versa
427 3066 578 3135 quattuor
598 3067 628 3117 et
646 3055 757 3134 viginti
777 3058 906 3121 navium
927 3058 1031 3121 classis
1052 3059 1262 3136 transfugeret
1283 3070 1339 3122 aut

314 3176 488 3246 caperetur.

229 3309 299 3374 ψ
401 3277 494 3341 Clara
518 3298 555 3339 ea
582 3275 714 3340 victoris
744 3276 779 3338 in
809 3297 975 3359 praesens,
1004 3277 1220 3363 inposterum
1246 3286 1338 3350 usuis

314 3413 462 3474 armaque
485 3405 517 3455 et
543 3412 639 3456 naves
666 3393 781 3474 quibus
808 3391 990 3475 indigebant
1017 3394 1122 3479 adepti
1141 3419 1254 3479 magna
1277 3422 1337 3481 per

314 3509 498 3574 Germanias
519 3509 700 3592 Galliasque
730 3511 814 3573 sarna
843 3511 995 3574 libertatis
1024 3527 1166 3576 auctores
1196 3517 1337 3578 celebra·

313 3628 438 3690 bantur.
482 3626 666 3691 Germaniae
694 3628 798 3692 statim
824 3628 938 3692 misere
964 3630 1081 3707 legatos
1110 3629 1226 3690 auxilia
1255 3629 1336 3692 oile-

311 3854 463 3929 iectabat,
493 3867 600 3937 captos
631 3855 833 3917 cohortium
833 3857 1007 3937 praefectos
1034 3878 1106 3919 suas
1132 3856 1166 3917 in
1195 3856 1333 3919 civitates

312 3966 516 4046 remittendo,
547 3971 727 4032 cohortibus
759 3968 846 4032 abire
876 3991 917 4031 an
946 3990 1074 4032 manere
1102 3972 1231 4032 mallent
1260 3968 1333 4031 data

312 3754 428 3804 rentes
478 3740 650 3804 Galliarum
679 3744 855 3806 societatem
884 3742 990 3806 Civilis
1012 3754 1078 3803 arte
1103 3740 1257 3826 donisque
1286 3744 1335 3804 al·
1451 3690 1454 3889 1

1453 4176 1454 4253 l

1453 4256 1454 4315 l

1453 4344 1454 4405 l
