2934 4625
502 276 565 345 EX
586 275 824 346 HISTORIIS
1133 281 1178 349 99

153 467 222 518 tore
252 450 371 536 primae
405 448 536 529 legionIs
567 445 694 510 caedem
725 452 792 528 ejus
823 447 1002 516 maturavit.
1053 450 1177 515 Heren-

154 571 242 632 nium
274 581 305 631 et
333 566 513 629 Numisium
540 567 658 646 legatos
690 564 803 627 vinciri
834 564 906 628 satis
937 566 1051 629 risum.
1104 563 1176 627 dein

153 682 285 763 sumptis
307 679 432 742 romani
452 678 578 760 Imperii
596 663 773 758 insignibus
793 679 827 740 in
850 678 1067 744 castraverit.
1109 679 1176 742 Nec

152 797 200 861 illi
221 815 402 880 quanquam
427 791 467 855 ad
490 813 584 856 omne
606 793 726 855 facinus
749 791 861 856 durato
881 795 980 858 verba
997 797 1082 858 ultro
1100 817 1177 879 sup·

153 908 333 993 peditavere
363 928 458 991 quam
491 920 527 970 ut
563 922 792 972 sacramentum
820 907 976 972 recitaret.
1024 909 1176 974 iuravere

154 1025 212 1107 qui
233 1020 363 1085 aderant
382 1042 444 1102 pro
464 1019 598 1102 imperio
621 1021 805 1084 Galliarum.
853 1023 1087 1085 interfectorem
1107 1022 1177 1086 Vo-
1254 997 1257 1000 Ι
1287 1066 1289 1069 >

155 1141 243 1201 culae
265 1138 335 1200 altis
356 1134 537 1213 ordinibus,
568 1148 707 1216 ceteros,
734 1150 771 1199 ut
792 1136 926 1222 quisque
946 1136 1098 1219 flagitium
1119 1160 1177 1200 na·

154 1265 300 1331 vaserat,
332 1252 480 1333 praemiis
502 1254 625 1315 attollit.
666 1253 797 1316 Divisae
822 1250 896 1314 inde
920 1251 1003 1315 inter
1024 1252 1177 1314 Tutorem

155 1382 187 1431 et
215 1366 387 1430 Classicum
419 1387 523 1429 curae.
576 1365 678 1428 Tutor
707 1365 813 1430 valida
841 1389 939 1430 manu
970 1366 1177 1432 circumdatos

155 1481 398 1563 Agrippinenses
435 1493 650 1564 quantumque
686 1480 821 1548 militum
859 1480 944 1566 apud
980 1483 1177 1564 superiorem

154 1595 259 1657 Rheni
284 1596 386 1675 ripam
414 1595 447 1654 in
474 1593 582 1657 eadem
611 1598 709 1658 verba
735 1594 831 1676 adigit
854 1596 963 1660 occisis
986 1596 1177 1676 Magontiaci

155 1710 309 1787 tribunis,
333 1712 426 1792 pulso
448 1724 622 1773 castrorum
641 1711 820 1793 praefecto,
842 1711 899 1795 qui
920 1710 1178 1776 detrectaverant.

156 1823 310 1887 Classicus
332 1823 604 1907 corruptissimum
630 1844 788 1906 quemque
809 1846 826 1887 e
848 1823 961 1887 deditis
981 1845 1113 1906 pergere
1137 1822 1177 1886 ad

157 1939 300 2000 obsessos
321 1941 418 2016 jubet,
441 1938 569 2002 ueniam
590 1948 791 2012 ostentantes,
818 1938 846 2000 si
867 1939 1044 2020 praesentia
1065 1959 1178 2023 seque·
1281 1967 1284 1972 ·

156 2062 286 2113 rentur:
319 2051 410 2113 aliter
429 2049 510 2112 nihil
531 2050 614 2133 spei,
641 2052 757 2112 famem
779 2052 962 2137 ferrumque
987 2065 1018 2116 et
1039 2066 1178 2117 extrema

155 2185 315 2249 passuros.
359 2163 501 2243 adjecere
523 2166 579 2250 qui
598 2165 686 2230 missi
710 2180 800 2230 erant
822 2170 1001 2250 exemplum
1023 2190 1125 2232 suum.

230 2277 396 2343 Obsessos
425 2283 499 2343 hinc
527 2280 622 2362 fides,
655 2281 730 2346 inde
760 2295 876 2364 egestas
906 2283 989 2347 inter
1018 2281 1112 2349 decus
1142 2303 1176 2344 ac
1191 2298 1217 2363 4,
1227 2298 1264 2349 6⁰

157 2392 310 2471 flagitium
340 2390 586 2454 distrahebant.⁴
621 2395 837 2456 cunctantibus
869 2394 961 2456 solita
989 2371 1178 2475 insolitaque
1243 2390 1245 2393 ’

116 2517 118 2521 ’
161 2506 309 2567 alimenta
330 2501 459 2564 deerant
480 2506 652 2585 absumptis
673 2505 819 2582 jumentis
842 2506 994 2588 equisque
1018 2517 1048 2566 et
1069 2504 1179 2565 ceteris

159 2617 346 2679 animalibus
374 2637 454 2699 quae
484 2616 621 2698 profana
649 2615 807 2697 foedaque
831 2617 865 2678 in
896 2636 986 2679 usum
1014 2615 1204 2678 necessitas,

158 2730 261 2811 veqtit.
301 2728 436 2807 virgulta
461 2741 621 2809 postremo
651 2740 681 2791 et
709 2730 823 2811 stirpes
851 2742 883 2793 et
906 2729 1076 2792 internatas
1097 2729 1180 2791 saxis

159 2843 275 2904 herbas
302 2841 452 2904 vellentes
478 2841 677 2903 miseriarum
706 2842 936 2926 patientiaeque
958 2841 1181 2906 documentum

159 2959 267 3033 fuere,
303 2955 403 3019 donec
435 2958 586 3037 egregiam
617 2955 743 3019 laudem
773 2955 836 3020 fine
869 2957 956 3038 turpi
989 2958 1183 3018 macularent

159 3069 262 3132 missis
292 3067 331 3132 ad
362 3068 492 3132 Civilem
518 3070 626 3150 legatis
658 3070 752 3134 vitam
781 3082 917 3133 orantes.
966 3069 1080 3154 Neque
1109 3082 1181 3131 ante

159 3204 269 3265 preces
304 3182 456 3246 admissae
493 3204 587 3265 quam
625 3184 658 3243 in
695 3184 794 3246 verba
825 3183 999 3245 Galliarum
1029 3187 1182 3261 jurarent.

159 3310 227 3358 tum
255 3308 364 3377 pactus
394 3293 544 3375 praedam
566 3307 739 3358 castrorum
768 3293 820 3357 dat
842 3296 984 3358 custodes
1010 3295 1066 3378 qui
1086 3318 1182 3377 pecu-

162 3409 265 3486 niam,
293 3410 435 3486 calones,
457 3407 602 3470 'sarcinas
622 3419 816 3470 retentarent
843 3421 897 3470 aut
917 3410 973 3492 qui
993 3409 1079 3490 ipsos
1098 3411 1182 3470 leves

163 3524 314 3584 abeuntes
350 3533 625 3604 prosequerentur.
683 3517 734 3581 Ad
768 3519 913 3601 quintum
947 3521 1013 3583 fere
1045 3519 1183 3603 lapidem

163 3634 265 3697 coorti
290 3632 439 3694 Germani
467 3635 628 3697 incautum
652 3654 762 3713 agmen
783 3633 1021 3715 aggrediuntur.¹
1061 3657 1183 3718 pugna·

164 3751 305 3815 sissimus
332 3747 465 3831 quisque
488 3748 524 3808 in
552 3749 700 3827 vestigio,
729 3750 822 3811 multi
848 3754 989 3833 palantes
1014 3756 1183 3819 occuberet

164 3864 259 3925 ceteri
280 3876 366 3925 retro
387 3861 421 3923 in
445 3875 546 3924 castra
572 3863 772 3943 perfugiunt,
803 3880 954 3949 querente
982 3878 1056 3931 sane
1086 3865 1184 3929 Civile

165 3988 196 4038 et
216 3977 400 4059 increpante
423 3975 598 4038 Germanos
620 3986 772 4062 tauquam
792 3976 887 4044 fidem
915 4002 974 4062 per
1001 3981 1101 4042 scelus
1129 3979 1185 4039 ab·

881 4093 929 4157 7*
