2934 4625
309 281 352 347 ao
645 279 706 347 ux
730 278 984 348 sumturus
1042 363 1043 366 Ν

309 455 391 519 ‘Non
413 455 464 517 bic
484 453 562 516 mihi
582 450 703 535 primus
734 474 806 533 erga
834 456 988 535 populum
1013 474 1181 520 romanum
1201 455 1275 520 fidei
1298 457 1329 521 et

309 569 498 633 constantiae
515 569 591 633 dies.
634 590 674 632 ex
689 590 754 652 quo
771 591 790 630 a
808 568 881 633 divo
898 571 1038 651 Augusto
1054 571 1176 635 civitate
1193 571 1328 635 donatus

307 706 394 764 sum,
427 687 542 749 amicos
571 686 778 768 inimicosque
800 708 840 748 ex
861 688 971 752 vestris
1002 687 1188 750 utilitatibus
1218 686 1328 769 delegi,

306 824 410 886 neque
425 802 498 866 odio
512 802 630 885 patriae
646 802 777 889 (quippe
792 801 969 885 proditores
985 805 1077 867 etiam
1089 806 1127 867 iis
1140 827 1224 888 vquos
1238 820 1326 870 ante·

305 929 429 997 ponunt
451 915 545 981 invisi
573 913 660 997 sunt)
689 938 799 980 verum
829 918 904 999 quia
924 918 1074 980 Romanis
1099 918 1325 1002 Germanisque

304 1030 389 1093 idem
405 1027 579 1094 conducere
598 1042 629 1091 et
645 1052 755 1111 pacem
773 1052 868 1115 quam
886 1031 1004 1093 bellum
1022 1033 1208 1113 probabam.
1251 1055 1324 1114 ergo

304 1157 464 1226 raptorem
484 1145 566 1206 filiae
587 1165 691 1222 meae,
719 1145 907 1207 violatorem
928 1143 1064 1207 foederis
1086 1146 1199 1224 vestri,
1220 1147 1325 1210 Armi·

305 1257 404 1336 nium,
426 1255 511 1338 apud
532 1258 653 1319 Varum
675 1258 819 1340 quitum
842 1258 994 1321 exercitui
1016 1258 1213 1341 praesidebat
1234 1283 1323 1323 reum

304 1370 373 1434 feci.
416 1369 529 1434 dilatus
549 1370 677 1451 segnitia
700 1368 804 1448 ducis,
827 1371 902 1453 quia
922 1391 1035 1453 parum
1057 1373 1205 1455 praesidii
1226 1377 1259 1437 in
1278 1379 1323 1437 le·

304 1486 394 1563 gibus
417 1496 497 1561 erat,
517 1497 552 1546 ut
573 1506 622 1546 me
648 1497 679 1546 et
699 1484 877 1548 Arminium
901 1496 932 1546 et
952 1486 1092 1550 conscios
1113 1488 1245 1554 vinciret
1266 1489 1322 1552 lla·

302 1600 406 1680 gitavi.
448 1602 534 1662 tostis
560 1601 613 1662 illa
640 1621 724 1677 nox,
755 1593 834 1661 mihi
861 1601 981 1662 utinam
1009 1602 1114 1683 potius
1143 1602 1322 1668 novissima.

303 1737 384 1797 quae
412 1727 519 1778 secuta
548 1728 622 1777 sunt
648 1711 759 1777 delleri
784 1715 881 1794 magis
912 1736 1007 1797 quam
1034 1714 1161 1779 delendi
1181 1731 1324 1799 possunt.

303 1841 442 1890 ceterum
471 1840 502 1890 et
528 1829 623 1907 injeci
651 1840 775 1890 catenas
797 1827 958 1906 Maudio,
990 1840 1022 1891 et
1049 1851 1068 1892 a
1092 1831 1228 1894 factione
1255 1839 1321 1911 ejus

252 1995 256 1999 ,
300 1943 427 2023 injectas
456 1963 624 2025 perpessus
651 1964 731 2005 sum.
780 1944 884 2025 Atque
906 1942 963 2005 ubi
984 1944 1122 2025 primum
1147 1946 1195 2007 tui
1223 1948 1325 2028 copia,-

299 2068 406 2121 vetera
436 2056 526 2119 novis
556 2069 587 2118 et
616 2058 721 2137 quieta
749 2057 884 2120 turbidis
918 2061 1109 2137 antehabeo,
1146 2084 1250 2145 neque
1278 2066 1320 2125 ob

301 2169 491 2255 praemium,
526 2167 580 2232 sed
605 2181 642 2230 ut
667 2189 717 2230 me
747 2169 879 2250 perfidia
907 2174 1085 2249 exsolvam,
1119 2175 1211 2235 simul
1236 2175 1321 2253 genti

302 2288 533 2351 Germanorum
554 2282 687 2347 idoneus
713 2284 915 2363 conciliator,
936 2286 962 2347 si
982 2287 1205 2368 poenitentiam
1226 2309 1322 2371 quam

300 2403 471 2484 perniciem
496 2400 657 2479 maluerit,
690 2421 750 2482 pro
775 2407 903 2480 juventa
935 2416 964 2464 et
991 2422 1097 2463 errore
1120 2404 1177 2464 lilii
1197 2405 1321 2466 veniam

299 2538 432 2601 precor:
462 2516 559 2580 filiam
587 2517 769 2579 necessitate
797 2519 860 2579 huc
888 2514 1054 2579 adductam
1079 2518 1189 2579 fateor.
1231 2529 1321 2578 tuum

300 2633 360 2695 erit
377 2635 553 2697 consultare
574 2645 682 2695 utrum
703 2634 892 2715 praevaleat,
913 2631 998 2715 quod
1021 2652 1062 2693 ex
1081 2633 1225 2694 Arminio
1246 2651 1321 2694 con·

301 2746 390 2827 cepit
406 2768 446 2809 an
469 2744 556 2830 quod
584 2766 625 2808 ex
650 2768 699 2808 me
721 2746 825 2826 genita
848 2745 913 2808 est.’
964 2742 1080 2807 Caesar
1100 2746 1244 2808 clementi
1269 2766 1321 2807 re·

300 2879 417 2940 sponso
445 2861 552 2923 liberis
582 2859 833 2945 propinquisque
866 2865 932 2939 ejus
963 2859 1226 2938 incolumitatem,
1260 2859 1321 2941 ipsi

299 2970 406 3036 sedem
422 2986 527 3039 vetere
545 2974 579 3037 in
599 2974 764 3056 provincia
781 2973 956 3056 pollicetur.
997 2972 1177 3037 Exercitum
1192 2972 1321 3036 reduxit

299 3108 478 3170 nomenque
506 3088 704 3167 imperatoris
730 3099 857 3148 auctore
880 3088 1010 3148 Tiberio
1041 3085 1167 3166 accepit.
1214 3085 1320 3147 Armi-

298 3202 344 3264 nii
371 3222 455 3264 uxor
475 3201 576 3263 virilis
604 3220 698 3262 sexus
723 3199 851 3280 stirpem
879 3196 992 3261 edidit:
1023 3195 1171 3260 educatus
1193 3197 1319 3261 Raven-

230 3341 234 3349 ·
297 3338 357 3379 nae
378 3335 460 3397 puer
480 3334 544 3398 quo
568 3335 645 3377 mox
666 3311 806 3377 ludibrio
832 3312 1027 3377 conflictatus
1053 3314 1093 3376 sit
1117 3313 1152 3375 in
1176 3327 1316 3396 tempore

296 3430 491 3493 memorabo.

213 3546 282 3611 ΒΜ)
383 3547 481 3610 Fama
511 3543 606 3607 dediti
637 3544 836 3628 benigneque
865 3545 987 3627 excepti
1017 3542 1150 3624 Segestis
1183 3544 1316 3623 vulgata,

298 3669 335 3721 ut
355 3659 532 3742 quibusque
554 3659 674 3720 bellum
697 3658 803 3721 invitis
829 3670 884 3721 aut
917 3658 1114 3740 cupientibus
1145 3670 1229 3735 erat,
1261 3676 1316 3736 spe

296 3776 349 3840 vel
374 3773 483 3838 dolore
512 3774 672 3856 accipitur.
721 3773 900 3836 Arminium
929 3793 1024 3855 super
1049 3771 1175 3834 insitam
1196 3769 1318 3832 violen-

296 3890 372 3952 tiam
390 3901 481 3971 rapta
500 3907 592 3966 uxor,
615 3889 771 3967 subjectus
792 3886 921 3951 servitio
946 3884 1057 3947 uxoris
1076 3894 1185 3944 uterus
1205 3900 1317 3944 vecor-

297 4000 367 4066 dem
392 4004 540 4086 agebant‚
571 4002 785 4086 volitabatque
813 4024 870 4083 per
892 3998 1067 4062 Cheruscos
1098 4016 1183 4057 arma
1205 3995 1237 4055 in
1259 3992 1316 4054 Sc-
