2934 4625
356 335 359 342 ¹
459 261 521 330 EX
543 252 798 331 ANNALlBUS
1100 264 1139 330 31

123 450 250 519 gestem,
270 458 357 499 arara
375 436 409 498 in
429 435 595 501 Caesarem
614 458 757 521 poscens.
800 457 904 520 neque
924 436 1049 518 probris
1067 452 1145 503 tem·

122 553 268 634 perabat:
298 550 466 633 ‘egregium
485 563 623 634 patrem,
651 573 799 632 magnum
820 550 1057 633 imperatorem,
1079 553 1145 615 sor·

121 678 184 729 tem
212 669 401 755 exercitum,
434 689 571 751 quorum
598 679 647 729 tot
673 688 785 730 manus
814 689 910 729 unam
931 668 1145 731 mulierculam

121 783 293 856 evexerint.
347 784 408 847 sibi
437 795 500 845 tres
530 782 686 863 legiones,
724 782 853 846 totidem
883 785 1000 864 legatos
1028 805 1144 865 procu·

121 899 237 961 buisse.
287 920 354 961 non
385 899 469 960 enim
500 920 532 961 se
560 897 756 979 proditione,
787 920 891 981 neque
922 898 1071 964 adversus
1097 901 1144 961 se·

120 1010 222 1072 nemas
253 1009 413 1091 gravidas,
453 1009 509 1072 sed
538 1010 643 1091 palam
675 1008 825 1074 adversus
857 1025 992 1075 armatos
1025 1015 1142 1076 belluni
1247 1009 1250 1014 ’

121 1138 264 1189 tractare.
308 1126 394 1189 cerni
419 1123 520 1188 adhuc
545 1126 778 1189 Germanorum
803 1126 839 1187 in
864 1128 942 1190 lucis
973 1129 1060 1207 signa
1089 1150 1143 1191 ro·

120 1260 234 1318 mana,
277 1261 359 1322 quae
403 1238 463 1303 diis
509 1238 620 1321 patriis
662 1239 870 1321 suspenderit.
931 1244 1046 1305 coleret
1086 1242 1142 1307 Se·

118 1366 217 1432 gestes
245 1354 358 1417 victam
387 1355 505 1437 ripam,
536 1353 685 1417 redderet
710 1356 776 1418 tilio
806 1355 1013 1420 sacerdotium
1039 1359 1142 1421 homi·

119 1465 249 1551 num*).
300 1470 473 1534 Germanos
501 1492 667 1554 uunquam
696 1473 770 1534 satis
802 1487 1024 1551 excusaturos,
1055 1473 1141 1556 quod

117 1584 201 1671 inter
228 1585 333 1648 Albim
357 1598 389 1646 et
407 1587 555 1647 Rhenum
576 1588 680 1665 virgas
703 1601 733 1647 et
761 1607 885 1649 secures
915 1598 946 1648 et
966 1600 1070 1667 togam
1091 1587 1141 1649 vi·

119 1694 232 1759 derint.
274 1698 342 1759 aliis
369 1698 513 1777 gentibus
541 1698 718 1777 ignorantia
746 1699 871 1782 imperii
899 1700 1023 1762 romani
1049 1702 1162 1764 inex-b

118 1821 208 1891 perta
229 1829 296 1872 esse
318 1811 480 1893 supplicia,
504 1810 608 1873 nescia
627 1810 763 1874 tributas
788 1834 869 1895 quae
892 1809 1020 1895 quando
1042 1834 1141 1874 exue·

117 1924 196 2001 rint,
220 1926 389 2009 irritosque
411 1925 585 1989 discesserit
604 1927 658 1989 itte
679 1926 762 1990 inter
783 1928 915 1989 numina
936 1925 1054 1988 dicatus
1072 1927 1140 1988 Au·

116 2052 242 2120 gustus,
262 2041 316 2101 ille
339 2040 476 2103 delectus
497 2041 663 2122 Tiberius,
686 2066 726 2106 ue
750 2043 930 2124 imperitum
960 2040 1139 2105 adolescen-

116 2158 228 2234 tulum,
251 2176 290 2216 ne
308 2155 488 2218 seditiosum
504 2131 677 2220 exercitum
693 2170 906 2240 pavescerent.
949 2157 975 2219 si
995 2159 1139 2239 patriam,

115 2283 276 2353 parentes,
311 2273 440 2354 antiqua
470 2274 600 2336 mallent
629 2289 725 2356 quam
755 2271 900 2335 dominos
934 2282 966 2333 et
1000 2272 1139 2335 colonias

116 2392 232 2463 nouas,
261 2388 439 2448 Arminium
461 2387 567 2468 potius
589 2388 707 2466 gloriae
733 2408 768 2448 ac
789 2386 943 2448 libertatis
966 2409 1061 2468 quam
1082 2387 1139 2450 Se·

115 2513 230 2580 gestem
252 2498 421 2576 flagitiosae
443 2497 600 2562 servitutis
622 2494 733 2559 ducem
757 2500 984 2579 sequerentur!

204 2608 328 2672 Conciti
348 2629 406 2689 per
427 2609 505 2670 haec
529 2629 596 2670 non
625 2606 721 2670 modo
750 2607 903 2671 Cherusci
931 2607 986 2671 sed
1016 2622 1224 2687 conter·1,60

114 2723 217 2786 minue
238 2734 354 2802 gentes,
375 2733 555 2804 tractusque
580 2721 615 2781 in
636 2734 740 2803 partes
764 2722 982 2802 Inguiomerus
1003 2721 1141 2783 Arminii

113 2849 262 2919 patruus,
281 2835 382 2899 veteri
400 2832 485 2916 apud
505 2834 666 2898 Romanos
691 2837 886 2898 auctoritate.
928 2832 1013 2896 unde
1037 2837 1140 2912 major

116 2952 234 3015 caesari
260 2961 371 3011 metus.
420 2961 450 3010 et
473 2970 513 3010 ne
540 2950 658 3010 bellum
681 2949 764 3012 mole
787 2971 851 3012 una
872 2949 1033 3030 ingrueret
1059 2946 1138 3010 Cae·

114 3068 216 3130 cinam
241 3086 312 3128 cum
338 3061 542 3147 quadraginta
570 3064 754 3128 cohortibus
774 3066 915 3126 romanis
937 3063 1137 3127 distrahendo

114 3181 198 3243 hosti
217 3201 277 3262 per
296 3181 466 3241 Bructeros
489 3176 529 3239 ad
550 3174 669 3239 flumen
690 3178 840 3240 Amisiam
861 3177 972 3254 mittit,
1001 3176 1137 3258 equitem

113 3294 199 3358 Pedo
220 3296 395 3377 praefectus
415 3291 532 3354 tinibus
554 3293 731 3357 Frisiorum
755 3291 858 3364 ducit,
887 3293 955 3373 ipse
976 3290 1137 3371 impositas

114 3409 247 3470 navibus
268 3421 404 3490 quatuor
425 3408 564 3487 legiones
586 3431 645 3490 per
665 3411 752 3472 lacus
773 3409 876 3484 vexit,
903 3407 1058 3489 simulque
1080 3428 1137 3487 pe·

114 3521 186 3599 des,
217 3540 327 3605 eques,
354 3521 458 3584 classis
481 3521 566 3604 apud
586 3523 782 3606 praedictum
804 3542 928 3585 amnem
950 3540 1136 3583 convenere.

113 3633 233 3698 Cauohi
254 3653 353 3716 quum
375 3634 493 3696 auxilia
521 3636 745 3716 pollicerentur
771 3639 805 3699 in
835 3633 1050 3700 commilitium
1080 3631 1135 3695 ad·

167 3901 192 3967 ⁶)
211 3902 290 3955 lectio
316 3901 426 3956 medicei
451 3901 549 3957 codicis
575 3901 658 3972 (opud
686 3903 847 3958 Waltbernm
866 3906 893 3969 4,
911 3902 981 3972 895)
1004 3915 1052 3970 pro
1077 3898 1135 3952 vul-

111 3999 174 4062 gata
193 3993 328 4051 hominem.
