2934 4625
475 264 536 330 EX
562 261 816 329 ANNALIBUS
1112 260 1155 325 33

134 441 227 502 simul
246 452 276 500 et
293 437 408 500 infensi
429 436 614 506 condebant.
655 437 798 506 Primum
820 435 1012 500 exstruendo
1033 439 1155 499 tunntlo

135 553 300 634 caespitem
326 574 432 616 caesar
459 553 565 635 posuit
586 554 759 634 gratissimo
781 574 912 615 munere
936 552 969 613 in
993 552 1156 613 defunctos

135 681 167 731 et
187 669 406 749 praesentibus
429 667 548 732 doloris
569 670 682 730 socius.
724 666 818 743 Quod
832 669 961 730 Tiberio
977 666 1062 736 haud
1082 688 1156 748 pro·

136 785 261 861 batum,
292 803 347 844 seu
370 795 482 844 cuncte
507 780 685 843 Germanici
705 781 740 842 in
761 780 896 844 deterius
918 781 1071 856 trahenti,
1091 780 1157 841 sive

137 899 310 960 exercitum
337 894 472 975 imagine
501 913 664 956 caesorum
690 895 982 979 insepultorumque
1003 893 1158 956 tardatum

136 1012 179 1074 ad
198 1013 329 1094 proelia,
349 1023 380 1074 et
403 1007 688 1073 formidolosiorem
708 1012 848 1073 hostium
870 1010 1032 1074 credebat:
1054 1031 1158 1093 neque

137 1127 359 1209 imperatorem
380 1138 535 1206 auguratu
555 1138 586 1188 et
608 1125 822 1189 vetustissimis
844 1128 1047 1191 caeremoniis
1067 1148 1160 1208 prae·

137 1241 237 1305 ditum
261 1252 423 1303 attrectare
446 1240 556 1304 feralia
577 1238 732 1302 debuisse.

222 1352 286 1417 Sed
311 1353 516 1417 Germanicus
538 1352 699 1417 cedentem
722 1353 757 1414 in
779 1353 849 1418 avia
873 1354 1051 1417 Arminium
1071 1374 1159 1416 secu-
1178 1358 1243 1418 ¹‚63

137 1484 199 1549 tus,
220 1472 277 1532 ubi
297 1470 433 1551 primum
456 1471 547 1550 eopia
568 1470 647 1547 fuit,
669 1469 762 1533 evehi
784 1471 923 1553 equites,
945 1492 1162 1554 campumque,

139 1606 235 1669 quem
264 1583 363 1645 hostis
395 1580 572 1657 insederat,
604 1583 684 1661 eripi
716 1583 813 1657 jubet.
867 1583 1029 1645 Arminius
1060 1585 1163 1663 colligi

140 1718 217 1767 suos
237 1707 268 1757 et
288 1693 505 1776 propinquare
526 1692 612 1757 silvis
633 1694 771 1756 monitos
794 1696 888 1757 vertit
908 1707 1056 1776 repente:
1087 1716 1163 1758 mox

140 1812 265 1891 signum
285 1804 514 1890 prorumpendi
535 1803 620 1867 dedit
641 1804 698 1881 iis,
725 1824 805 1887 quos
826 1828 885 1887 per
909 1809 1006 1869 saltus
1027 1809 1164 1869 occulta·

141 1936 241 1991 verat.
281 1936 358 1986 tunc
386 1943 469 1986 nova
488 1919 557 1986 acie
586 1921 730 1984 turbatus
752 1941 867 2004 eques,
893 1921 1067 2005 unicaeque
1090 1926 1165 1986 sub·

141 2013 286 2101 ironiae
307 2038 452 2101 conones
479 2050 512 2099 e
539 2037 725 2118 fugientium
747 2038 869 2117 agmine
892 2039 1044 2120 impensae
1065 2060 1164 2104 auxe-

141 2164 214 2216 rant
240 2151 541 2228 consternationem,
567 2146 840 2233 trudehanturque
862 2152 895 2214 in
916 2150 1063 2232 paludem
1087 2175 1163 2233 gna·
1257 2151 1259 2155 ’

141 2287 209 2330 ram
229 2265 444 2339 vincentibus,
473 2263 614 2348 iniquam
637 2266 766 2342 nesciis,
798 2268 834 2326 ni
860 2286 967 2328 caesar
994 2265 1163 2349 productas

140 2382 279 2460 legiones
299 2377 509 2440 instruxisset.
550 2375 624 2438 inde
653 2379 798 2439 hostibus
819 2390 941 2455 terror,
971 2379 1085 2440 fiducia
1104 2380 1163 2439 mi·

142 2494 207 2555 liti:
242 2504 274 2553 et
301 2490 447 2555 manibus
477 2489 585 2568 aequis
614 2490 803 2549 abscessum.
853 2490 935 2550 Mox
962 2491 1092 2556 reducto
1124 2494 1164 2555 ad

144 2603 293 2666 Amisiam
320 2601 459 2664 exercitu
482 2600 621 2679 legiones
645 2601 758 2678 classe,
787 2613 823 2662 ut
845 2599 1031 2681 aduexerat,
1055 2625 1166 2685 repor-

144 2730 206 2796 tat,
236 2738 310 2799 pars
340 2715 482 2799 equitum
512 2715 604 2777 litore
636 2717 745 2779 oceani
770 2728 878 2798 petere
903 2718 1049 2780 Rhenum
1070 2724 1166 2797 jussa.

37 2906 39 2910 Α
146 2830 280 2892 Caecina
305 2830 361 2912 qui
386 2849 479 2892 suum
499 2833 629 2894 militem
651 2830 786 2897 ducebat
806 2834 962 2910 monitus,
984 2857 1167 2917 quanquam

147 2944 230 3005 notis
257 2943 423 3006 itineribus
453 2944 687 3024 regrederetur,
718 2958 831 3026 pontes
851 2948 962 3026 longos
985 2968 1078 3030 quum
1100 2968 1167 3009 ma·

145 3058 278 3121 turrime
299 3077 460 3140 superare.
511 3060 671 3137 Angustus
693 3059 721 3127 is
747 3068 862 3120 tremes
883 3071 986 3123 vastas
1006 3060 1091 3122 inter
1111 3081 1169 3142 pa·

145 3172 234 3235 ludes
263 3184 295 3233 et
319 3168 480 3254 quondam
508 3191 528 3231 a
554 3169 655 3232 Lucio
686 3170 828 3233 Domitio
854 3185 1033 3252 aggeratus:
1065 3185 1168 3236 cetera

145 3288 275 3364 limosa,
295 3284 416 3348 tenacia
433 3283 521 3364 gravi
544 3304 645 3355 coeno
667 3295 722 3353 aut
741 3283 819 3348 rivis
839 3284 960 3348 incerta
980 3301 1087 3364 erant,
1109 3289 1169 3352 sir·

148 3422 220 3464 cum
249 3402 345 3466 silvae
370 3399 521 3481 paulatim
545 3397 693 3476 acclives,
724 3418 803 3480 quas
829 3409 897 3460 tum
923 3399 1084 3469 Arminius
1110 3403 1170 3464 im.

147 3513 263 3597 plevis,
289 3511 480 3595 compendiis
501 3514 625 3578 viarum
650 3526 683 3576 et
704 3515 767 3577 cito
789 3514 912 3594 agmine
934 3529 1082 3578 onustum
1104 3539 1171 3580 sar-

151 3626 230 3690 cinis
263 3625 420 3708 armisque
453 3627 580 3691 militem
615 3648 714 3710 quum
748 3629 966 3693 antevenisset.
1020 3629 1172 3694 Caecinae

149 3741 322 3818 dubitanti,
356 3760 495 3823 quonam
519 3739 614 3804 modo
635 3754 747 3824 ruptos
773 3753 926 3808 vetustate
946 3755 1060 3825 pontes
1078 3765 1173 3826 repo·

151 3869 242 3919 neret
273 3856 429 3937 simulque
459 3856 659 3935 propulsaret
689 3856 832 3935 bostem,
866 3869 966 3920 castra
995 3859 1107 3921 metari
1139 3860 1173 3920 in

152 3970 223 4033 loco
244 3968 370 4051 placuit,
390 3980 427 4031 ut
449 3988 538 4050 opus,
560 3982 590 4032 et
612 3969 666 4033 elii
685 3970 841 4052 proelium
865 3971 1067 4052 inciperent„

872 4091 890 4144 ³
