2934 4625
481 271 545 340 EX
566 272 803 345 HISTORIIS
1105 283 1150 351 75

130 456 197 506 tum
220 441 334 509 virium
355 467 374 507 a
393 458 490 527 tergo,
517 446 667 530 quoniam
689 447 809 513 Galliae
830 458 982 527 tumeant,
1007 448 1151 515 deserere

130 559 236 623 Rheni
254 562 357 645 ripam
378 564 548 646 irrupturis
569 577 633 627 tam
653 563 776 629 infestis
793 566 973 629 nationibus
992 586 1059 629 non
1077 585 1152 628 con-

131 670 235 736 ducat.

214 788 284 850 lam
313 787 504 867 Germanos,
537 787 624 873 quod
649 810 748 871 genus
772 789 907 852 militum
935 787 1021 873 apud
1049 791 1155 853 hostes

133 902 360 975 atrocissimum
383 902 432 979 ait,
453 914 554 967 tracto
574 902 609 965 in
631 915 780 966 aestatem
801 905 907 983 bello,
926 904 1021 966 fluxis
1043 924 1155 986 corpo·

131 1019 240 1094 ribus,
261 1021 467 1079 mutationem
491 1020 550 1081 soli
570 1021 711 1102 coelique
735 1019 822 1083 haud
844 1023 1042 1082 toleraturos.

220 1131 262 1214 (a.
283 1125 339 1212 69)
367 1132 483 1194 remitti
504 1131 601 1217 eos*)
630 1136 666 1196 in
695 1135 912 1211 Britanniam,
944 1133 1028 1195 unde
1051 1154 1069 1194 a
1090 1132 1157 1195 Ne·
1170 1147 1240 1210 Qut

134 1264 214 1305 rone
241 1244 335 1306 exciti
354 1259 460 1324 erant,
488 1246 608 1327 placuit
627 1259 722 1330 atque
743 1246 870 1311 interim
890 1248 1083 1310 Batavorum
1104 1267 1159 1309 co·

135 1359 242 1421 hortas
262 1381 328 1421 una
347 1358 487 1437 tendere,
506 1361 547 1422 ob
569 1372 708 1424 veterem
728 1358 879 1424 adversus
900 1358 1160 1442 quartadecuma-

136 1483 196 1535 nos
225 1471 424 1538 discordiam.
476 1472 544 1535 Nec
575 1472 630 1536 diu
662 1475 697 1536 in
729 1476 824 1538 tantis
856 1488 1048 1538 armatorum
1079 1473 1160 1536 odiis

137 1585 227 1666 quies
253 1586 325 1649 fuit.
374 1587 533 1666 Augustae
556 1588 772 1650 Taurinorum
798 1586 874 1649 dum
896 1588 1039 1668 opificem
1060 1607 1161 1668 queu-

137 1696 368 1762 dam'Batavus
395 1711 432 1762 ut
456 1695 672 1762 fraudatorem
699 1701 885 1774 insectatur,
915 1699 1106 1777 legionarius
1126 1709 1163 1758 ut

137 1811 295 1893 hospitem
322 1824 446 1891 tuetur,
481 1812 531 1874 eui
559 1812 673 1895 cuique
704 1810 931 1874 commilitones
961 1810 1115 1888 aggregati
1143 1828 1163 1867 a

138 1923 288 1987 conviciIs
310 1922 350 1985 ad
373 1922 499 1986 caedem
519 1925 683 1987 transiere.
725 1936 758 1987 et
778 1925 936 2005 proelium
956 1936 1048 1985 atrox
1069 1920 1164 1982 arsis·

140 2050 204 2117 set,
232 2040 268 2100 ni
289 2037 371 2101 duae
395 2040 573 2120 praetoriae
592 2039 739 2103 cohortes
760 2060 884 2103 causam
906 2037 1165 2121 quartadecuma-

141 2174 259 2217 norum
280 2164 402 2216 secutae
427 2153 477 2216 his
498 2151 643 2214 fiduciam
669 2165 700 2214 et
721 2163 841 2214 metum
861 2150 990 2213 Batavis
1010 2129 1165 2211 iecissent.

227 2264 270 2343 (a.
292 2266 348 2343 69)
382 2268 528 2329 cohortes
556 2266 751 2328 Batavorum
780 2286 821 2327 ne
851 2262 928 2346 quid
956 2261 1164 2326 truculentius
1179 2273 1250 2337 nott

142 2380 295 2443 auderent
325 2381 360 2441 in
391 2379 591 2442 Germaniam
622 2381 787 2457 remissae,
817 2380 1009 2458 principium
1038 2378 1164 2438 interno

144 2493 239 2554 simul
262 2503 457 2571 externoque
480 2490 563 2551 bello
585 2488 770 2570 parantibus
792 2490 873 2549 tatis.

231 2603 274 2687 (a.
295 2602 352 2682 69)
373 2613 405 2664 et
424 2600 582 2679 adjacente
604 2599 715 2662 Tiberi
735 2599 967 2661 Germanorum
986 2596 1166 2659 Gallorum·
1180 2602 1253 2667 ⁹2⁹³

144 2739 207 2804 que
229 2718 370 2781 obnoxia
396 2716 515 2780 morbis
543 2737 678 2799 corpora
698 2713 837 2777 fluminis
860 2712 989 2777 aviditas
1011 2723 1042 2775 et
1064 2722 1168 2772 aestus

143 2834 337 2915 impatientia
361 2829 515 2893 labefecit.

228 2947 357 3009 Auxilia
377 2958 480 3010 tamen
505 2966 522 3007 e
551 2943 719 3007 Germania
745 2940 972 3022 Britanniaque
1000 2949 1032 2999 et
1053 2936 1169 3016 Hispa·
1182 2940 1255 3004 2,θῖ

144 3058 207 3124 niis
231 3062 346 3124 exciuit
370 3062 505 3142 segniter
526 3074 556 3124 et
577 3059 792 3123 necessitatem
813 3054 1021 3119 dissimulans.
1031 3048 1079 3135 **)

231 3175 275 3253 (a.
297 3169 354 3259 69)
387 3178 464 3252 Plus
502 3174 665 3239 socordiae
705 3193 800 3257 quam
836 3168 967 3231 fiduciae
1007 3162 1169 3226 accessisse
1184 3169 1238 3232 tt‚2

146 3287 329 3354 victoribus.
339 3289 406 3369 ***)
448 3310 555 3372 neque
584 3290 665 3351 enim
688 3290 722 3350 iu
747 3286 912 3369 procinctu
933 3293 963 3342 et
985 3278 1091 3341 castris
1113 3276 1171 3336 Ita·

146 3401 249 3463 bitosz
280 3422 339 3481 per
360 3402 466 3464 omnia
486 3402 594 3464 ltaliae
617 3399 788 3479 municipia
811 3393 948 3470 desides,
968 3403 1091 3454 tautum
1112 3390 1172 3451 ho·

148 3514 282 3596 spitibus
310 3515 512 3593 metuendos,
548 3529 666 3600 quanto
698 3514 836 3576 ferocius
870 3518 942 3571 ante
975 3528 1008 3570 ee
1043 3503 1172 3584 egerint,

148 3636 238 3690 tanto
260 3623 404 3706 cupidius
424 3626 564 3690 insolitas
586 3627 762 3706 voluptates
783 3623 936 3685 hausisse.
986 3620 1069 3681 circo
1092 3635 1173 3698 quo·

150 3758 214 3823 que
235 3760 271 3801 ae
300 3740 429 3801 theatris
456 3752 487 3802 et
516 3740 702 3809 amoenitate
725 3740 814 3802 urbis
835 3734 990 3800 emollitos
1012 3744 1067 3795 aut
1087 3732 1173 3795 valo·

205 3977 232 4043 ⁹)
248 3976 504 4044 quartadecumanos.
584 3975 623 4043 ’·)
645 3975 772 4030 Vitellius.
852 3973 901 4039 ’·’)
920 3968 1046 4024 mititibus
1064 3965 1171 4020 Vitctttt.
