2934 4625
492 238 556 310 EX
577 239 814 316 fltsrotttls
1119 244 1164 314 db

140 435 269 482 rutmors
289 437 309 481 a
329 414 480 480 Sarmatis
501 415 660 500 Dacisque
687 415 824 481 moesica
850 425 887 481 ac
913 418 1093 503 pannonica
1112 421 1163 484 hi·

139 534 240 606 bcrna
272 529 493 596 circumsideri.
553 531 644 613 paria
682 527 722 598 de
757 531 923 596 Britannia
954 534 1163 615 fingebantur.

139 643 203 707 Sed
224 645 304 707 nihil
325 666 424 728 aeque
446 664 542 726 quam
561 641 743 706 incendium
761 644 910 726 capitolii
930 659 967 709 ut
985 647 1080 710 finem
1101 651 1162 715 im·

140 761 230 842 perio
259 759 366 824 adesse
394 757 557 823 crederent
583 762 763 842 impulerat.
806 774 928 844 captam
949 763 1025 824 olim
1046 784 1065 823 a
1086 762 1162 824 Gal-

139 876 180 937 lis
201 876 330 953 urbem,
360 873 415 937 sed
442 875 677 955 integraduvis
697 875 780 941 sede
808 878 959 941 mansisse
984 877 1164 958 imperium.

139 989 228 1052 fatali
248 1008 332 1063 nunc
354 988 426 1068 igne
447 989 570 1069 signum
588 990 738 1056 coelestis.
763 992 829 1054 irae
852 991 965 1058 ‘danim
987 1005 1017 1055 et
1039 1012 1165 1074 posses-

139 1105 263 1168 sionem
281 1124 389 1198 rerum
410 1107 619 1192 humanarum
637 1107 838 1189 transalpinis
857 1108 1001 1187 gentibus
1016 1106 1165 1189 portendi

140 1221 362 1303 superstitione
379 1240 461 1285 rana
480 1217 619 1286 nudae.
629 1223 794 1296 canebant.
834 1222 1065 1305 incesseratque
1079 1222 1165 1286 fama

140 1335 295 1417 primores
318 1333 492 1398 Galliarum
514 1336 554 1396 sb
579 1330 706 1398 Othone
730 1332 883 1397 adversus
904 1334 1068 1397 Vitellium
1088 1333 1164 1396 mis·

140 1470 211 1526 sos,
243 1461 410 1530 antequam
432 1445 685 1527 digrederentur,
715 1449 872 1531 pepigisse
895 1471 935 1512 ne
959 1449 1104 1513 deessent
1123 1449 1164 1511 li·

140 1563 271 1640 hortati,
302 1562 330 1623 si
354 1562 510 1642 populum
534 1580 701 1622 romanum
727 1561 877 1624 continua
905 1562 1042 1624 civilium
1063 1563 1165 1624 bello·

140 1695 213 1740 rum
233 1674 329 1738 series
350 1685 381 1734 et
396 1673 523 1734 interna
543 1671 626 1733 mala
645 1669 819 1750 fregissent.

225 1791 308 1853 Ante
330 1789 434 1856 Flacci
457 1785 636 1850 Hordeonii
660 1785 786 1850 caedem
808 1785 890 1849 nihil
911 1787 1074 1871 prorupit,
1097 1810 1162 1873 quo
1177 1808 1250 1875 rag

141 1904 317 1985 conjuratio
336 1902 572 1982 intelligeretur.
590 1916 593 1922 ·
611 1899 775 1963 interfecto
796 1899 983 1963 Hordeonio
1010 1921 1165 1964 commea·

140 1995 216 2083 vere
239 2015 345 2078 nuntii
363 2014 446 2078 inter
472 2013 603 2077 Civilem
624 2012 859 2097 Classicumque
879 2013 1074 2096 praefectum
1097 2015 1167 2077 alae

141 2130 367 2194 Treverorum.
410 2125 564 2203 Classicus
591 2126 755 2189 nobilitate
779 2129 955 2210 opibusque
983 2141 1055 2191 ante
1075 2129 1167 2207 alios,

141 2246 262 2327 regium
283 2244 330 2306 illi
350 2263 447 2323 genus
472 2254 502 2304 et
528 2262 604 2324 pace
633 2241 779 2324 belloque
807 2244 892 2303 clara
918 2242 1016 2324 origo.
1056 2242 1124 2324 ipse
1147 2254 1169 2304 e·

141 2359 316 2437 majoribus
340 2357 405 2417 suis
427 2353 527 2416 hostis
547 2355 658 2433 populi
682 2354 808 2415 romani
828 2372 924 2435 quam
943 2355 1047 2416 socius
1070 2360 1167 2432 jacta·

142 2478 208 2539 hat.
250 2471 406 2533 Miscuere
429 2487 496 2528 sese
517 2467 617 2527 Julius
641 2468 745 2529 Tutor
765 2478 796 2528 et
816 2465 917 2529 Julius
937 2466 1089 2546 Sabinus,
1114 2469 1167 2530 bic

143 2586 275 2663 Treuir,
306 2581 358 2645 hic
384 2580 558 2659 Lingonus.
608 2578 710 2640 Tutor
739 2579 827 2659 ripae
855 2579 960 2642 Rheni
990 2600 1008 2640 a
1037 2579 1166 2642 Vitellio

142 2700 337 2784 praefectust
364 2694 501 2758 Sabinus
522 2713 618 2775 super
637 2693 764 2757 insitam
784 2692 954 2757 vanitatem
975 2696 1072 2757 falsae
1096 2694 1167 2757 stit*

142 2816 192 2898 pis
216 2814 317 2894 gloria
337 2808 583 2886 incendebatur,
609 2809 773 2890 proaviam
797 2829 887 2870 suam
910 2808 983 2872 divo
1003 2807 1088 2871 tutio
1109 2828 1168 2890 per

144 2928 262 2992 Gallias
289 2926 419 2989 bellanti
446 2944 579 3006 corpore
608 2936 703 3006 atque
732 2921 886 2985 adulterio
911 2924 1076 3004 placuisse.
1124 2923 1168 2985 Hi

143 3041 269 3106 secretis
284 3038 483 3101 sermonibus
501 3037 622 3100 animos
639 3050 816 3099 ceterorum
832 3036 974 3099 scrutari.
1016 3035 1071 3100 ubi
1087 3055 1168 3117 quus

142 3155 275 3220 idoneos
311 3155 463 3218 rebantur
497 3153 688 3216 conscientia
721 3152 936 3230 obstrinxere,
973 3150 1009 3212 in
1042 3151 1170 3214 colonia

144 3268 356 3352 agrippinensi
372 3268 407 3328 in
426 3266 555 3331 domum
576 3269 732 3349 privatam
751 3268 953 3331 conveniunt.
996 3287 1070 3329 nam
1085 3270 1168 3349 pub-

144 3384 204 3446 lice
226 3383 333 3443 civitas
356 3381 477 3442 'talibus
504 3379 637 3461 inceptis
666 3382 869 3442 abhorrebat.
911 3391 1046 3441 attamen
1068 3380 1168 3443 inter·

145 3495 236 3556 fuere
270 3492 397 3575 quidam
429 3493 586 3556 Ubiorum
616 3496 893 3576 Tungrorumque.
945 3492 1001 3559 sed
1031 3496 1169 3576 plurima

145 3608 194 3671 vis
215 3626 312 3687 penes
326 3606 483 3668 Treveros
503 3627 539 3667 ac
559 3604 729 3686 Lingonas.
771 3605 839 3668 Nec
855 3607 956 3668 tulero
970 3627 1075 3670 moras
1093 3628 1169 3671 con·

145 3720 294 3788 cultandi.
346 3720 485 3784 certatim
512 3722 708 3801 proclamant
738 3720 845 3783 {urere
873 3720 1035 3785 discordiis
1064 3742 1169 3803 popu-

144 3840 213 3900 lum
232 3834 418 3909 romanum',
436 3854 553 3897 'caesas
572 3837 727 3915 legiones,
760 3848 910 3899 vastatam
930 3837 1070 3913 Italiam,
1081 3852 1084 3857 ·
1097 3833 1169 3915 capi

147 3974 219 4016 cum
238 3952 374 4015 maxime
394 3951 516 4030 urbem,
533 3971 643 4014 omnes
664 3951 818 4016 exercitus
837 3952 902 4015 suis
920 3969 1077 4036 quemque
1100 3946 1169 4009 bel·
