2934 4625
548 267 782 335 GERMANIA
1129 276 1171 343 15

151 469 223 514 vam
245 449 455 530 Rhenumque
477 458 509 508 et
527 446 681 509 Moenum
702 467 812 509 amnes
836 445 990 529 Helvetii3
1020 448 1172 514 ulteriora

153 563 235 642 Boji‚
263 564 371 644 gallica
392 576 528 644 utraque
549 580 634 640 gens,
660 571 802 623 tenuere.
843 562 952 624 Manet
973 560 1075 625 adhuc
1094 565 1171 626 Boi-

150 680 236 741 hemi
263 701 379 742 nomen
404 681 567 760 signatque
587 676 651 740 loci
671 689 810 741 veterem
830 678 1032 757 memoriam,
1061 699 1172 761 quam-

149 798 197 859 vis
219 798 344 857 mutatis
366 797 549 857 cultoribus.
598 792 661 855 Sed
687 808 793 856 utrum
820 795 961 857 Aravisci
982 795 1017 854 in
1044 796 1172 858 Panno·

151 908 236 969 niam
264 912 303 972 ab
334 906 425 985 Osis,
454 908 685 969 Germanorum
709 910 857 986 natione,
891 930 931 969 an
954 907 1010 972 Osi
1031 910 1071 969 ab
1091 910 1172 970 Ara·

151 1021 243 1081 viscis
264 1022 298 1081 in
323 1021 522 1082 Germaniam
547 1022 836 1101 commigraverint,
866 1043 964 1102 quum
986 1020 1094 1083 eodem
1116 1021 1172 1083 ad-

150 1131 213 1193 huc
234 1151 397 1211 sermone,
416 1135 580 1214 institutis,
601 1133 744 1198 moribus
766 1148 912 1212 utantur,
933 1135 1087 1197 incertum
1108 1148 1171 1198 est:

150 1245 226 1325 quia
245 1247 317 1326 pari
343 1243 416 1309 olim
444 1249 552 1332 inopia
582 1271 617 1312 ac
645 1251 789 1311 libertate
811 1248 920 1311 eadem
941 1252 1106 1333 utriusque
1127 1250 1171 1310 ri-

149 1382 209 1439 pae
239 1363 325 1422 bona
354 1363 497 1445 malaque
527 1377 627 1426 erant.
670 1364 804 1428 Treveri
834 1377 865 1427 et
889 1363 1001 1428 Nervii
1021 1367 1103 1426 eirea
1124 1365 1172 1426 af·

149 1473 346 1536 sectationem
383 1479 576 1555 germanicae
611 1479 740 1558 originis
773 1481 858 1543 ultro
897 1480 1054 1543 ambitiosi
1089 1492 1172 1558 sunt,

148 1598 298 1672 tanquam
326 1611 385 1670 per
412 1591 493 1650 hanc
521 1592 653 1668 gloriam
680 1591 840 1670 sanguinis
869 1613 887 1652 a
916 1592 1118 1654 similitudine
1141 1604 1173 1653 et

149 1701 264 1763 inertia
286 1701 448 1763 Gallorum
471 1716 664 1783 separentur.
714 1704 819 1782 Ipsam
839 1702 943 1764 Rheni
964 1707 1064 1782 ripam
1086 1700 1172 1763 haud

150 1810 246 1876 dubie
267 1814 499 1878 Germanorum
519 1816 631 1897 populi
654 1815 780 1893 colunt,
809 1816 1007 1895 Vangiones,
1034 1817 1173 1893 Triboci,

145 1924 307 1991 Nemetes.
351 1931 400 1992 Ne
422 1931 499 1995 Ubii
522 1930 665 2015 quidem,
694 1952 877 2015 quanquam
896 1953 1028 1995 romana
1049 1933 1172 1995 colonia

147 2064 219 2106 esse
243 2047 417 2108 meruerint
439 2068 474 2107 ac
494 2048 642 2111 libentius
666 2047 910 2128 Agrippinenses
932 2045 1101 2107 conditoria
1124 2045 1173 2107 sui

150 2161 276 2221 nomine
298 2174 469 2238 vocentur,
500 2164 621 2244 origine
643 2165 857 2240 erubescunt,
886 2163 1071 2244 transgressi
1096 2163 1172 2226 olim

150 2289 181 2338 et
200 2278 415 2359 experimento
435 2278 509 2342 fidei
530 2302 626 2362 super
648 2282 749 2363 ipsam
769 2281 875 2344 Rheni
895 2282 997 2364 ripam
1018 2281 1169 2359 collocati,

148 2402 184 2451 ut
206 2406 365 2470 arcerent,
385 2415 452 2455 non
472 2407 508 2456 ut
530 2394 770 2456 custodirentur.

234 2504 384 2569 Omnium
413 2509 527 2568 harum
558 2509 697 2586 gentium
726 2509 840 2569 virtute
869 2506 1032 2586 praecipui
1058 2506 1169 2568 Batavi
1182 2520 1218 2569 29

149 2639 214 2681 non
236 2622 370 2682 multum
399 2641 439 2684 ex
466 2621 537 2700 ripa
563 2618 619 2682 sed
643 2619 779 2681 insulam
801 2618 906 2679 Rheni
932 2617 1032 2679 amnis
1053 2619 1169 2695 colunt,

149 2732 334 2798 Chattorum
358 2734 519 2817 quondam
539 2738 691 2816 populus,
720 2748 751 2796 et
771 2732 923 2796 seditione
946 2731 1114 2795 domestica
1135 2733 1167 2795 in

148 2871 200 2911 eas
229 2849 317 2912 sedes
345 2863 571 2930 transgressus,
602 2853 635 2913 in
665 2850 780 2934 quibus
806 2869 880 2930 pars
901 2850 1025 2911 romani
1044 2847 1170 2928 imperii

148 2969 269 3030 fierent.
322 2969 432 3029 Manet
465 2970 569 3029 honos
605 2978 636 3028 et
673 2966 821 3048 antiquae
853 2964 1006 3027 societatis
1038 2962 1169 3043 insigne.

147 3103 221 3144 nam
243 3104 301 3144 nec
323 3084 448 3146 tributis
471 3094 731 3157 contemnuntur,
761 3101 819 3142 nec
844 3080 1030 3161 publicanus
1054 3077 1169 3139 atterit.

148 3198 287 3278 exempti
307 3197 457 3272 oneribus
485 3209 516 3258 et
544 3196 803 3259 collocationibus
826 3206 855 3256 et
877 3204 998 3254 tantum
1019 3193 1054 3252 in
1075 3211 1168 3252 usum

145 3312 340 3392 proeliorum
363 3311 490 3391 sepositi
510 3312 596 3371 velut
622 3310 684 3371 tela
712 3321 806 3390 atque
833 3327 920 3367 arma
948 3304 1040 3366 bellis
1066 3324 1168 3365 reser-

146 3439 272 3491 vantur.
319 3426 375 3488 Est
402 3427 436 3487 in
467 3423 577 3488 eodem
601 3425 755 3507 obsequio
785 3435 815 3483 et
837 3420 1057 3483 Mattiacorum
1083 3440 1168 3499 gens.

147 3538 280 3619 protulit
302 3540 384 3600 enim
411 3537 593 3619 magnitudo
621 3536 733 3619 populi
758 3519 884 3598 romani
908 3537 991 3596 ultra
1018 3534 1166 3595 Rhenum

148 3653 296 3734 ultraque
318 3665 437 3716 veteres
457 3653 607 3715 terminos
626 3653 751 3735 imperii
771 3651 988 3716 reverentiam.
1030 3651 1073 3712 ita
1094 3650 1166 3713 sede

147 3763 325 3847 finibusque
346 3766 380 3826 in
397 3786 454 3827 sua
472 3767 552 3846 ripa,
570 3777 673 3827 mente
693 3767 860 3850 animoque
878 3767 1042 3829 nobiscum
1061 3777 1167 3845 agunt,

149 3890 251 3940 cetera
272 3879 388 3941 similes
407 3879 544 3957 Batavis,
565 3881 626 3943 nisi
647 3878 731 3962 quod
754 3882 824 3962 ipso
847 3880 948 3942 adhuc
968 3893 1070 3942 terrae
1092 3899 1166 3941 suae

148 3994 215 4056 solo
238 4006 268 4055 et
290 3997 378 4059 coelo
400 3996 501 4057 acrius
525 3994 714 4059 animantur.
762 3995 836 4058 Non
859 3994 1090 4058 numeraverim
1116 3991 1166 4051 in·
