<?xml version="1.0" encoding="UTF-8"?>
<!DOCTYPE html PUBLIC "-//W3C//DTD XHTML 1.0 Transitional//EN"
    "http://www.w3.org/TR/xhtml1/DTD/xhtml1-transitional.dtd">
<html xmlns="http://www.w3.org/1999/xhtml" xml:lang="en" lang="en">
 <head>
  <title>
</title>
<meta http-equiv="Content-Type" content="text/html;charset=utf-8" />
  <meta name='ocr-system' content='tesseract 3.04.00' />
  <meta name='ocr-capabilities' content='ocr_page ocr_carea ocr_par ocr_line ocrx_word'/>
</head>
<body>
  <div class='ocr_page' id='page_1' title='image "./tacitigermania02grimgoog_0032.png"; bbox 0 0 2934 4625; ppageno 0'>
   <div class='ocr_carea' id='block_1_1' title="bbox 304 279 936 350">
    <p class='ocr_par' dir='ltr' id='par_1_1' title="bbox 304 279 936 350">
     <span class='ocr_line' id='line_1_1' title="bbox 304 279 936 350; baseline 0.003 -2"><span class='ocrx_word' id='word_1_1' title='bbox 304 285 347 348; x_wconf 78' lang='lat'><strong>22</strong></span> <span class='ocrx_word' id='word_1_2' title='bbox 703 279 936 350; x_wconf 80' lang='lat' dir='ltr'><strong>GERMANM</strong></span> 
     </span>
    </p>
   </div>
   <div class='ocr_carea' id='block_1_2' title="bbox 257 451 1326 878">
    <p class='ocr_par' dir='ltr' id='par_1_2' title="bbox 306 451 1324 630">
     <span class='ocr_line' id='line_1_2' title="bbox 306 451 1324 531; baseline -0.001 -16"><span class='ocrx_word' id='word_1_3' title='bbox 306 454 425 531; x_wconf 86' lang='lat' dir='ltr'><strong>oritur,</strong></span> <span class='ocrx_word' id='word_1_4' title='bbox 456 451 573 513; x_wconf 85' lang='lat' dir='ltr'><strong>flumen</strong></span> <span class='ocrx_word' id='word_1_5' title='bbox 601 453 743 514; x_wconf 88' lang='lat' dir='ltr'><strong>inclitum</strong></span> <span class='ocrx_word' id='word_1_6' title='bbox 773 465 802 513; x_wconf 91' lang='lat' dir='ltr'><strong>et</strong></span> <span class='ocrx_word' id='word_1_7' title='bbox 831 464 939 514; x_wconf 91' lang='lat' dir='ltr'><strong>notum</strong></span> <span class='ocrx_word' id='word_1_8' title='bbox 971 452 1063 513; x_wconf 89' lang='lat' dir='ltr'><strong>olim:</strong></span> <span class='ocrx_word' id='word_1_9' title='bbox 1096 474 1181 514; x_wconf 90' lang='lat' dir='ltr'><strong>nunc</strong></span> <span class='ocrx_word' id='word_1_10' title='bbox 1203 463 1324 514; x_wconf 89' lang='lat' dir='ltr'><strong>tantum</strong></span> 
     </span>
     <span class='ocr_line' id='line_1_3' title="bbox 306 564 442 630; baseline 0.015 -2"><span class='ocrx_word' id='word_1_11' title='bbox 306 564 442 630; x_wconf 85' lang='lat' dir='ltr'><strong>auditur.</strong></span> 
     </span>
    </p>

    <p class='ocr_par' dir='ltr' id='par_1_3' title="bbox 257 676 1326 878">
     <span class='ocr_line' id='line_1_4' title="bbox 257 676 1326 745; baseline -0.008 -1"><span class='ocrx_word' id='word_1_12' title='bbox 257 694 292 744; x_wconf 73' lang='lat'><strong>42</strong></span> <span class='ocrx_word' id='word_1_13' title='bbox 391 683 484 745; x_wconf 80' lang='lat' dir='ltr'>Juxta</span> <span class='ocrx_word' id='word_1_14' title='bbox 512 678 754 743; x_wconf 80' lang='lat' dir='ltr'><strong>Hermunduros</strong></span> <span class='ocrx_word' id='word_1_15' title='bbox 774 678 896 743; x_wconf 88' lang='lat' dir='ltr'><strong>Narisci</strong></span> <span class='ocrx_word' id='word_1_16' title='bbox 929 701 964 741; x_wconf 86' lang='lat' dir='ltr'><strong>ac</strong></span> <span class='ocrx_word' id='word_1_17' title='bbox 991 677 1103 741; x_wconf 88' lang='lat' dir='ltr'><strong>deinde</strong></span> <span class='ocrx_word' id='word_1_18' title='bbox 1129 676 1326 741; x_wconf 84' lang='lat' dir='ltr'><strong>Marcomani</strong></span> 
     </span>
     <span class='ocr_line' id='line_1_5' title="bbox 308 792 1326 878; baseline -0.009 -18"><span class='ocrx_word' id='word_1_19' title='bbox 308 810 351 871; x_wconf 59' lang='lat' dir='ltr'><strong>et,</strong></span> <span class='ocrx_word' id='word_1_20' title='bbox 366 793 472 873; x_wconf 84' lang='lat' dir='ltr'><strong>Quadi</strong></span> <span class='ocrx_word' id='word_1_21' title='bbox 500 809 605 877; x_wconf 89' lang='lat' dir='ltr'><strong>agunt.</strong></span> <span class='ocrx_word' id='word_1_22' title='bbox 646 795 816 878; x_wconf 87' lang='lat' dir='ltr'><strong>praecipua</strong></span> <span class='ocrx_word' id='word_1_23' title='bbox 845 794 1122 856; x_wconf 86' lang='lat' dir='ltr'><strong>Marcomanorum</strong></span> <span class='ocrx_word' id='word_1_24' title='bbox 1151 793 1249 871; x_wconf 88' lang='lat' dir='ltr'><strong>gloria</strong></span> <span class='ocrx_word' id='word_1_25' title='bbox 1277 792 1326 855; x_wconf 85' lang='lat' dir='ltr'><strong>vi.-</strong></span> 
     </span>
    </p>
   </div>
   <div class='ocr_carea' id='block_1_3' title="bbox 306 903 1326 994">
    <p class='ocr_par' dir='ltr' id='par_1_4' title="bbox 306 903 1326 994">
     <span class='ocr_line' id='line_1_6' title="bbox 306 903 1326 994; baseline -0.008 -21"><span class='ocrx_word' id='word_1_26' title='bbox 306 932 436 994; x_wconf 90' lang='lat' dir='ltr'><strong>resque,</strong></span> <span class='ocrx_word' id='word_1_27' title='bbox 460 921 554 993; x_wconf 89' lang='lat' dir='ltr'><strong>atque</strong></span> <span class='ocrx_word' id='word_1_28' title='bbox 575 910 643 991; x_wconf 92' lang='lat' dir='ltr'><strong>ipsa</strong></span> <span class='ocrx_word' id='word_1_29' title='bbox 666 910 760 971; x_wconf 87' lang='lat' dir='ltr'><strong>etiam</strong></span> <span class='ocrx_word' id='word_1_30' title='bbox 780 906 885 987; x_wconf 88' lang='lat' dir='ltr'><strong>sedes,</strong></span> <span class='ocrx_word' id='word_1_31' title='bbox 914 908 1013 989; x_wconf 87' lang='lat' dir='ltr'><strong>pulsis</strong></span> <span class='ocrx_word' id='word_1_32' title='bbox 1034 903 1109 968; x_wconf 93' lang='lat' dir='ltr'><strong>olim</strong></span> <span class='ocrx_word' id='word_1_33' title='bbox 1130 907 1234 985; x_wconf 87' lang='lat' dir='ltr'><strong>Bojis,</strong></span> <span class='ocrx_word' id='word_1_34' title='bbox 1260 905 1326 968; x_wconf 86' lang='lat' dir='ltr'><strong>vir·</strong></span> 
     </span>
    </p>
   </div>
   <div class='ocr_carea' id='block_1_4' title="bbox 258 1018 1376 4077">
    <p class='ocr_par' dir='ltr' id='par_1_5' title="bbox 306 1018 1328 1794">
     <span class='ocr_line' id='line_1_7' title="bbox 306 1018 1326 1108; baseline -0.006 -25"><span class='ocrx_word' id='word_1_35' title='bbox 306 1034 372 1084; x_wconf 89' lang='lat' dir='ltr'><strong>tute</strong></span> <span class='ocrx_word' id='word_1_36' title='bbox 402 1036 503 1108; x_wconf 87' lang='lat' dir='ltr'><strong>parta.</strong></span> <span class='ocrx_word' id='word_1_37' title='bbox 546 1044 604 1087; x_wconf 92' lang='lat' dir='ltr'><strong>nec</strong></span> <span class='ocrx_word' id='word_1_38' title='bbox 636 1022 760 1087; x_wconf 91' lang='lat' dir='ltr'><strong>Narisci</strong></span> <span class='ocrx_word' id='word_1_39' title='bbox 792 1020 935 1098; x_wconf 85' lang='lat' dir='ltr'><strong>Quadive</strong></span> <span class='ocrx_word' id='word_1_40' title='bbox 968 1020 1166 1101; x_wconf 89' lang='lat' dir='ltr'><strong>degenerant.</strong></span> <span class='ocrx_word' id='word_1_41' title='bbox 1217 1018 1326 1101; x_wconf 86' lang='lat' dir='ltr'><strong>anue</strong></span> 
     </span>
     <span class='ocr_line' id='line_1_8' title="bbox 307 1135 1327 1221; baseline -0.004 -22"><span class='ocrx_word' id='word_1_42' title='bbox 307 1137 493 1200; x_wconf 80' lang='lat' dir='ltr'><strong>Germaniae</strong></span> <span class='ocrx_word' id='word_1_43' title='bbox 515 1142 601 1204; x_wconf 88' lang='lat' dir='ltr'><strong>velut</strong></span> <span class='ocrx_word' id='word_1_44' title='bbox 622 1141 710 1203; x_wconf 88' lang='lat' dir='ltr'><strong>frons</strong></span> <span class='ocrx_word' id='word_1_45' title='bbox 731 1152 787 1216; x_wconf 87' lang='lat' dir='ltr'><strong>est,</strong></span> <span class='ocrx_word' id='word_1_46' title='bbox 810 1150 964 1221; x_wconf 87' lang='lat' dir='ltr'><strong>quatenus</strong></span> <span class='ocrx_word' id='word_1_47' title='bbox 986 1137 1136 1200; x_wconf 88' lang='lat' dir='ltr'><strong>Danubio</strong></span> <span class='ocrx_word' id='word_1_48' title='bbox 1158 1135 1327 1217; x_wconf 85' lang='lat' dir='ltr'><strong>peragitur.</strong></span> 
     </span>
     <span class='ocr_line' id='line_1_9' title="bbox 306 1249 1327 1335; baseline 0.002 -24"><span class='ocrx_word' id='word_1_49' title='bbox 306 1252 517 1313; x_wconf 81' lang='lat' dir='ltr'><strong>Marcomanis</strong></span> <span class='ocrx_word' id='word_1_50' title='bbox 548 1249 729 1335; x_wconf 84' lang='lat' dir='ltr'><strong>Quadisque</strong></span> <span class='ocrx_word' id='word_1_51' title='bbox 763 1270 863 1334; x_wconf 88' lang='lat' dir='ltr'><strong>usque</strong></span> <span class='ocrx_word' id='word_1_52' title='bbox 898 1251 936 1314; x_wconf 91' lang='lat' dir='ltr'><strong>ad</strong></span> <span class='ocrx_word' id='word_1_53' title='bbox 969 1263 1109 1313; x_wconf 86' lang='lat' dir='ltr'><strong>nostram</strong></span> <span class='ocrx_word' id='word_1_54' title='bbox 1145 1251 1327 1313; x_wconf 88' lang='lat' dir='ltr'><strong>memoriam</strong></span> 
     </span>
     <span class='ocr_line' id='line_1_10' title="bbox 306 1361 1328 1446; baseline 0 -22"><span class='ocrx_word' id='word_1_55' title='bbox 306 1384 394 1444; x_wconf 89' lang='lat' dir='ltr'><strong>reges</strong></span> <span class='ocrx_word' id='word_1_56' title='bbox 423 1374 605 1427; x_wconf 87' lang='lat' dir='ltr'><strong>manserunt</strong></span> <span class='ocrx_word' id='word_1_57' title='bbox 635 1385 676 1427; x_wconf 85' lang='lat' dir='ltr'><strong>ex</strong></span> <span class='ocrx_word' id='word_1_58' title='bbox 702 1376 792 1445; x_wconf 88' lang='lat' dir='ltr'><strong>gente</strong></span> <span class='ocrx_word' id='word_1_59' title='bbox 815 1365 974 1446; x_wconf 88' lang='lat' dir='ltr'><strong>ipsorum,</strong></span> <span class='ocrx_word' id='word_1_60' title='bbox 1004 1365 1111 1427; x_wconf 87' lang='lat' dir='ltr'><strong>nobile</strong></span> <span class='ocrx_word' id='word_1_61' title='bbox 1135 1361 1328 1427; x_wconf 91' lang='lat' dir='ltr'><strong>Marobodui</strong></span> 
     </span>
     <span class='ocr_line' id='line_1_11' title="bbox 308 1477 1328 1563; baseline -0.002 -23"><span class='ocrx_word' id='word_1_62' title='bbox 308 1491 339 1541; x_wconf 91' lang='lat' dir='ltr'><strong>et</strong></span> <span class='ocrx_word' id='word_1_63' title='bbox 361 1477 461 1543; x_wconf 92' lang='lat' dir='ltr'><strong>Tudri</strong></span> <span class='ocrx_word' id='word_1_64' title='bbox 482 1501 597 1561; x_wconf 81' lang='lat' dir='ltr'><strong>genus3</strong></span> <span class='ocrx_word' id='word_1_65' title='bbox 626 1484 690 1559; x_wconf 84' lang='lat' dir='ltr'><strong>jam</strong></span> <span class='ocrx_word' id='word_1_66' title='bbox 711 1493 744 1545; x_wconf 89' lang='lat' dir='ltr'><strong>et</strong></span> <span class='ocrx_word' id='word_1_67' title='bbox 765 1495 912 1545; x_wconf 88' lang='lat' dir='ltr'><strong>externos</strong></span> <span class='ocrx_word' id='word_1_68' title='bbox 934 1483 1110 1563; x_wconf 88' lang='lat' dir='ltr'><strong>patiuntur.</strong></span> <span class='ocrx_word' id='word_1_69' title='bbox 1152 1478 1207 1541; x_wconf 89' lang='lat' dir='ltr'><strong>sed</strong></span> <span class='ocrx_word' id='word_1_70' title='bbox 1228 1478 1276 1543; x_wconf 85' lang='lat' dir='ltr'><strong>vis</strong></span> <span class='ocrx_word' id='word_1_71' title='bbox 1298 1491 1328 1542; x_wconf 90' lang='lat' dir='ltr'><strong>et</strong></span> 
     </span>
     <span class='ocr_line' id='line_1_12' title="bbox 307 1590 1326 1678; baseline -0.004 -21"><span class='ocrx_word' id='word_1_72' title='bbox 307 1595 448 1676; x_wconf 89' lang='lat' dir='ltr'><strong>potentia</strong></span> <span class='ocrx_word' id='word_1_73' title='bbox 475 1597 600 1678; x_wconf 89' lang='lat' dir='ltr'><strong>regibus</strong></span> <span class='ocrx_word' id='word_1_74' title='bbox 635 1618 676 1660; x_wconf 89' lang='lat' dir='ltr'><strong>ex</strong></span> <span class='ocrx_word' id='word_1_75' title='bbox 711 1599 893 1662; x_wconf 86' lang='lat' dir='ltr'><strong>auctoritate</strong></span> <span class='ocrx_word' id='word_1_76' title='bbox 923 1617 1062 1661; x_wconf 88' lang='lat' dir='ltr'><strong>romana.</strong></span> <span class='ocrx_word' id='word_1_77' title='bbox 1113 1594 1199 1658; x_wconf 87' lang='lat' dir='ltr'><strong>Raro</strong></span> <span class='ocrx_word' id='word_1_78' title='bbox 1233 1590 1326 1655; x_wconf 88' lang='lat' dir='ltr'><strong>armis</strong></span> 
     </span>
     <span class='ocr_line' id='line_1_13' title="bbox 309 1708 1270 1794; baseline -0.003 -23"><span class='ocrx_word' id='word_1_79' title='bbox 309 1708 441 1788; x_wconf 89' lang='lat' dir='ltr'><strong>uostris,</strong></span> <span class='ocrx_word' id='word_1_80' title='bbox 463 1711 587 1793; x_wconf 88' lang='lat' dir='ltr'><strong>saepius</strong></span> <span class='ocrx_word' id='word_1_81' title='bbox 608 1713 744 1794; x_wconf 86' lang='lat' dir='ltr'><strong>pecunia</strong></span> <span class='ocrx_word' id='word_1_82' title='bbox 765 1719 931 1791; x_wconf 83' lang='lat' dir='ltr'><strong>juvantur,</strong></span> <span class='ocrx_word' id='word_1_83' title='bbox 953 1733 1010 1773; x_wconf 93' lang='lat' dir='ltr'><strong>nec</strong></span> <span class='ocrx_word' id='word_1_84' title='bbox 1031 1708 1136 1771; x_wconf 89' lang='lat' dir='ltr'><strong>minus</strong></span> <span class='ocrx_word' id='word_1_85' title='bbox 1155 1709 1270 1772; x_wconf 85' lang='lat' dir='ltr'><strong>valent.</strong></span> 
     </span>
    </p>

    <p class='ocr_par' dir='ltr' id='par_1_6' title="bbox 258 1822 1376 4077">
     <span class='ocr_line' id='line_1_14' title="bbox 258 1822 1328 1906; baseline -0.005 -21"><span class='ocrx_word' id='word_1_86' title='bbox 258 1830 292 1878; x_wconf 79' lang='grc'><strong>48</strong></span> <span class='ocrx_word' id='word_1_87' title='bbox 394 1823 491 1886; x_wconf 88' lang='lat' dir='ltr'><strong>Retro</strong></span> <span class='ocrx_word' id='word_1_88' title='bbox 509 1824 675 1906; x_wconf 87' lang='lat' dir='ltr'><strong>Marsigni,</strong></span> <span class='ocrx_word' id='word_1_89' title='bbox 694 1824 839 1903; x_wconf 89' lang='lat' dir='ltr'><strong>Gothini,</strong></span> <span class='ocrx_word' id='word_1_90' title='bbox 858 1822 931 1903; x_wconf 94' lang='lat' dir='ltr'><strong>Osi,</strong></span> <span class='ocrx_word' id='word_1_91' title='bbox 956 1824 1037 1884; x_wconf 90' lang='lat' dir='ltr'><strong>Buri</strong></span> <span class='ocrx_word' id='word_1_92' title='bbox 1051 1836 1135 1900; x_wconf 87' lang='lat' dir='ltr'><strong>terga</strong></span> <span class='ocrx_word' id='word_1_93' title='bbox 1150 1823 1328 1882; x_wconf 88' lang='lat' dir='ltr'><strong>Marcoma-</strong></span> 
     </span>
     <span class='ocr_line' id='line_1_15' title="bbox 308 1934 1328 2022; baseline -0.002 -25"><span class='ocrx_word' id='word_1_94' title='bbox 308 1957 423 1998; x_wconf 90' lang='lat' dir='ltr'><strong>norum</strong></span> <span class='ocrx_word' id='word_1_95' title='bbox 437 1934 683 2022; x_wconf 89' lang='lat' dir='ltr'><strong>Quadorumque</strong></span> <span class='ocrx_word' id='word_1_96' title='bbox 697 1938 857 2000; x_wconf 89' lang='lat' dir='ltr'><strong>claudunt.</strong></span> <span class='ocrx_word' id='word_1_97' title='bbox 891 1958 907 1998; x_wconf 97' lang='lat' dir='ltr'><strong>e</strong></span> <span class='ocrx_word' id='word_1_98' title='bbox 921 1937 1035 2019; x_wconf 88' lang='lat' dir='ltr'><strong>quibus</strong></span> <span class='ocrx_word' id='word_1_99' title='bbox 1046 1936 1198 2014; x_wconf 85' lang='lat' dir='ltr'><strong>Marsigni</strong></span> <span class='ocrx_word' id='word_1_100' title='bbox 1209 1947 1238 1995; x_wconf 88' lang='lat' dir='ltr'><strong>et</strong></span> <span class='ocrx_word' id='word_1_101' title='bbox 1249 1934 1328 1995; x_wconf 87' lang='lat' dir='ltr'><strong>Buri</strong></span> 
     </span>
     <span class='ocr_line' id='line_1_16' title="bbox 309 2044 1328 2131; baseline 0.003 -23"><span class='ocrx_word' id='word_1_102' title='bbox 309 2068 453 2110; x_wconf 88' lang='lat' dir='ltr'><strong>sermone</strong></span> <span class='ocrx_word' id='word_1_103' title='bbox 468 2051 617 2131; x_wconf 87' lang='lat' dir='ltr'><strong>cultuque</strong></span> <span class='ocrx_word' id='word_1_104' title='bbox 630 2050 751 2112; x_wconf 82' lang='lat' dir='ltr'><strong>Suevos</strong></span> <span class='ocrx_word' id='word_1_105' title='bbox 765 2052 916 2111; x_wconf 85' lang='lat' dir='ltr'><strong>referunt.</strong></span> <span class='ocrx_word' id='word_1_106' title='bbox 947 2049 1102 2111; x_wconf 88' lang='lat' dir='ltr'><strong>Gothinos</strong></span> <span class='ocrx_word' id='word_1_107' title='bbox 1114 2051 1231 2129; x_wconf 90' lang='lat' dir='ltr'><strong>gallica,</strong></span> <span class='ocrx_word' id='word_1_108' title='bbox 1247 2044 1328 2111; x_wconf 91' lang='lat' dir='ltr'><strong>Osos</strong></span> 
     </span>
     <span class='ocr_line' id='line_1_17' title="bbox 309 2163 1328 2247; baseline 0.005 -25"><span class='ocrx_word' id='word_1_109' title='bbox 309 2164 486 2243; x_wconf 70' lang='lat' dir='ltr'><strong>psannonica</strong></span> <span class='ocrx_word' id='word_1_110' title='bbox 506 2163 611 2242; x_wconf 89' lang='lat' dir='ltr'><strong>lingua</strong></span> <span class='ocrx_word' id='word_1_111' title='bbox 634 2166 774 2245; x_wconf 89' lang='lat' dir='ltr'><strong>coarguit</strong></span> <span class='ocrx_word' id='word_1_112' title='bbox 797 2185 863 2226; x_wconf 89' lang='lat' dir='ltr'><strong>non</strong></span> <span class='ocrx_word' id='word_1_113' title='bbox 884 2184 950 2228; x_wconf 88' lang='lat' dir='ltr'><strong>esse</strong></span> <span class='ocrx_word' id='word_1_114' title='bbox 975 2165 1166 2242; x_wconf 88' lang='lat' dir='ltr'><strong>Germanos,</strong></span> <span class='ocrx_word' id='word_1_115' title='bbox 1190 2176 1222 2227; x_wconf 91' lang='lat' dir='ltr'><strong>et</strong></span> <span class='ocrx_word' id='word_1_116' title='bbox 1243 2164 1328 2247; x_wconf 88' lang='lat' dir='ltr'><strong>quod</strong></span> 
     </span>
     <span class='ocr_line' id='line_1_18' title="bbox 309 2275 1328 2360; baseline 0.003 -23"><span class='ocrx_word' id='word_1_117' title='bbox 309 2276 427 2338; x_wconf 88' lang='lat' dir='ltr'><strong>tributa</strong></span> <span class='ocrx_word' id='word_1_118' title='bbox 446 2275 620 2358; x_wconf 90' lang='lat' dir='ltr'><strong>patiuntur.</strong></span> <span class='ocrx_word' id='word_1_119' title='bbox 662 2290 783 2359; x_wconf 90' lang='lat' dir='ltr'><strong>partem</strong></span> <span class='ocrx_word' id='word_1_120' title='bbox 805 2279 994 2341; x_wconf 86' lang='lat' dir='ltr'><strong>tributorum</strong></span> <span class='ocrx_word' id='word_1_121' title='bbox 1012 2276 1187 2356; x_wconf 85' lang='lat' dir='ltr'><strong>Sarmatae,</strong></span> <span class='ocrx_word' id='word_1_122' title='bbox 1206 2291 1328 2360; x_wconf 74' lang='lat' dir='ltr'><strong>partem</strong></span> 
     </span>
     <span class='ocr_line' id='line_1_19' title="bbox 310 2387 1327 2474; baseline 0.002 -23"><span class='ocrx_word' id='word_1_123' title='bbox 310 2387 414 2465; x_wconf 90' lang='lat' dir='ltr'><strong>Quadi</strong></span> <span class='ocrx_word' id='word_1_124' title='bbox 432 2403 469 2454; x_wconf 91' lang='lat' dir='ltr'><strong>ut</strong></span> <span class='ocrx_word' id='word_1_125' title='bbox 489 2392 669 2472; x_wconf 87' lang='lat' dir='ltr'><strong>alienigenis</strong></span> <span class='ocrx_word' id='word_1_126' title='bbox 688 2392 864 2474; x_wconf 89' lang='lat' dir='ltr'><strong>imponunt.</strong></span> <span class='ocrx_word' id='word_1_127' title='bbox 906 2392 1052 2469; x_wconf 90' lang='lat' dir='ltr'><strong>Gothini,</strong></span> <span class='ocrx_word' id='word_1_128' title='bbox 1074 2413 1138 2474; x_wconf 92' lang='lat' dir='ltr'><strong>quo</strong></span> <span class='ocrx_word' id='word_1_129' title='bbox 1156 2394 1252 2471; x_wconf 90' lang='lat' dir='ltr'><strong>magis</strong></span> <span class='ocrx_word' id='word_1_130' title='bbox 1267 2414 1327 2472; x_wconf 91' lang='lat' dir='ltr'><strong>pu·</strong></span> 
     </span>
     <span class='ocr_line' id='line_1_20' title="bbox 311 2505 1376 2591; baseline 0 -23"><span class='ocrx_word' id='word_1_131' title='bbox 311 2507 381 2568; x_wconf 88' lang='lat' dir='ltr'><strong>deat</strong></span> <span class='ocrx_word' id='word_1_132' title='bbox 407 2520 438 2570; x_wconf 92' lang='lat' dir='ltr'><strong>et</strong></span> <span class='ocrx_word' id='word_1_133' title='bbox 462 2509 582 2570; x_wconf 89' lang='lat' dir='ltr'><strong>ferrum</strong></span> <span class='ocrx_word' id='word_1_134' title='bbox 613 2506 777 2573; x_wconf 86' lang='lat' dir='ltr'><strong>effodiunt.</strong></span> <span class='ocrx_word' id='word_1_135' title='bbox 827 2505 1005 2591; x_wconf 86' lang='lat' dir='ltr'><strong>Omnesque</strong></span> <span class='ocrx_word' id='word_1_136' title='bbox 1033 2508 1068 2568; x_wconf 84' lang='lat' dir='ltr'><strong>bi</strong></span> <span class='ocrx_word' id='word_1_137' title='bbox 1092 2509 1204 2589; x_wconf 88' lang='lat' dir='ltr'><strong>populi</strong></span> <span class='ocrx_word' id='word_1_138' title='bbox 1228 2529 1328 2588; x_wconf 89' lang='lat' dir='ltr'><strong>pauca</strong></span> <span class='ocrx_word' id='word_1_139' title='bbox 1374 2556 1376 2561; x_wconf 68' lang='lat'><strong>,</strong></span> 
     </span>
     <span class='ocr_line' id='line_1_21' title="bbox 310 2624 1327 2705; baseline -0.001 -20"><span class='ocrx_word' id='word_1_140' title='bbox 310 2626 546 2705; x_wconf 80' lang='lat' dir='ltr'><strong>campestrium,</strong></span> <span class='ocrx_word' id='word_1_141' title='bbox 568 2638 705 2688; x_wconf 86' lang='lat' dir='ltr'><strong>ceterum</strong></span> <span class='ocrx_word' id='word_1_142' title='bbox 722 2627 818 2687; x_wconf 85' lang='lat' dir='ltr'><strong>saltus</strong></span> <span class='ocrx_word' id='word_1_143' title='bbox 838 2636 869 2687; x_wconf 89' lang='lat' dir='ltr'><strong>et</strong></span> <span class='ocrx_word' id='word_1_144' title='bbox 885 2629 1016 2690; x_wconf 79' lang='lat' dir='ltr'><strong>vertices</strong></span> <span class='ocrx_word' id='word_1_145' title='bbox 1034 2624 1188 2685; x_wconf 90' lang='lat' dir='ltr'><strong>montium</strong></span> <span class='ocrx_word' id='word_1_146' title='bbox 1205 2628 1327 2703; x_wconf 89' lang='lat' dir='ltr'><strong>jugum·</strong></span> 
     </span>
     <span class='ocr_line' id='line_1_22' title="bbox 310 2735 1327 2821; baseline 0 -22"><span class='ocrx_word' id='word_1_147' title='bbox 310 2759 372 2821; x_wconf 91' lang='lat' dir='ltr'><strong>que</strong></span> <span class='ocrx_word' id='word_1_148' title='bbox 396 2735 589 2800; x_wconf 89' lang='lat' dir='ltr'><strong>insederunt.</strong></span> <span class='ocrx_word' id='word_1_149' title='bbox 633 2737 752 2800; x_wconf 84' lang='lat' dir='ltr'><strong>dirimit</strong></span> <span class='ocrx_word' id='word_1_150' title='bbox 774 2739 855 2800; x_wconf 92' lang='lat' dir='ltr'><strong>enim</strong></span> <span class='ocrx_word' id='word_1_151' title='bbox 878 2736 1053 2821; x_wconf 85' lang='lat' dir='ltr'><strong>scinditque</strong></span> <span class='ocrx_word' id='word_1_152' title='bbox 1080 2737 1227 2801; x_wconf 87' lang='lat' dir='ltr'><strong>Sueviam</strong></span> <span class='ocrx_word' id='word_1_153' title='bbox 1253 2760 1327 2802; x_wconf 91' lang='lat' dir='ltr'><strong>con·</strong></span> 
     </span>
     <span class='ocr_line' id='line_1_23' title="bbox 310 2851 1328 2936; baseline -0.001 -22"><span class='ocrx_word' id='word_1_154' title='bbox 310 2855 434 2916; x_wconf 88' lang='lat' dir='ltr'><strong>tinuum</strong></span> <span class='ocrx_word' id='word_1_155' title='bbox 464 2853 619 2916; x_wconf 87' lang='lat' dir='ltr'><strong>montium</strong></span> <span class='ocrx_word' id='word_1_156' title='bbox 645 2857 771 2934; x_wconf 88' lang='lat' dir='ltr'><strong>jugum,</strong></span> <span class='ocrx_word' id='word_1_157' title='bbox 806 2855 888 2915; x_wconf 90' lang='lat' dir='ltr'><strong>ultra</strong></span> <span class='ocrx_word' id='word_1_158' title='bbox 920 2851 1018 2936; x_wconf 88' lang='lat' dir='ltr'><strong>quod·</strong></span> <span class='ocrx_word' id='word_1_159' title='bbox 1039 2852 1192 2933; x_wconf 88' lang='lat' dir='ltr'><strong>plurimae</strong></span> <span class='ocrx_word' id='word_1_160' title='bbox 1222 2865 1328 2932; x_wconf 87' lang='lat' dir='ltr'><strong>gentes</strong></span> 
     </span>
     <span class='ocr_line' id='line_1_24' title="bbox 311 2967 1329 3050; baseline 0 -21"><span class='ocrx_word' id='word_1_161' title='bbox 311 2981 424 3047; x_wconf 87' lang='lat' dir='ltr'><strong>agunt:</strong></span> <span class='ocrx_word' id='word_1_162' title='bbox 456 2988 497 3030; x_wconf 83' lang='lat' dir='ltr'><strong>ex</strong></span> <span class='ocrx_word' id='word_1_163' title='bbox 527 2967 642 3050; x_wconf 89' lang='lat' dir='ltr'><strong>quibus</strong></span> <span class='ocrx_word' id='word_1_164' title='bbox 664 2967 812 3030; x_wconf 89' lang='lat' dir='ltr'><strong>latissime</strong></span> <span class='ocrx_word' id='word_1_165' title='bbox 833 2980 919 3048; x_wconf 88' lang='lat' dir='ltr'><strong>patet</strong></span> <span class='ocrx_word' id='word_1_166' title='bbox 939 2967 1112 3050; x_wconf 90' lang='lat' dir='ltr'><strong>Lygiorum</strong></span> <span class='ocrx_word' id='word_1_167' title='bbox 1134 2987 1265 3045; x_wconf 91' lang='lat' dir='ltr'><strong>nomen,</strong></span> <span class='ocrx_word' id='word_1_168' title='bbox 1294 2968 1329 3029; x_wconf 91' lang='lat' dir='ltr'><strong>in</strong></span> 
     </span>
     <span class='ocr_line' id='line_1_25' title="bbox 309 3079 1329 3159; baseline 0.004 -21"><span class='ocrx_word' id='word_1_169' title='bbox 309 3081 415 3159; x_wconf 90' lang='lat' dir='ltr'><strong>plures</strong></span> <span class='ocrx_word' id='word_1_170' title='bbox 438 3079 574 3141; x_wconf 87' lang='lat' dir='ltr'><strong>civitates</strong></span> <span class='ocrx_word' id='word_1_171' title='bbox 597 3080 756 3142; x_wconf 86' lang='lat' dir='ltr'><strong>diffusum.</strong></span> <span class='ocrx_word' id='word_1_172' title='bbox 797 3081 1022 3144; x_wconf 85' lang='lat' dir='ltr'><strong>valentissimas</strong></span> <span class='ocrx_word' id='word_1_173' title='bbox 1043 3081 1220 3141; x_wconf 80' lang='lat' dir='ltr'><strong>nontinasse</strong></span> <span class='ocrx_word' id='word_1_174' title='bbox 1241 3082 1329 3143; x_wconf 87' lang='lat' dir='ltr'><strong>suffi-</strong></span> 
     </span>
     <span class='ocr_line' id='line_1_26' title="bbox 311 3190 1328 3270; baseline 0.008 -20"><span class='ocrx_word' id='word_1_175' title='bbox 311 3190 385 3266; x_wconf 83' lang='lat' dir='ltr'><strong>ciet,</strong></span> <span class='ocrx_word' id='word_1_176' title='bbox 406 3190 538 3266; x_wconf 87' lang='lat' dir='ltr'><strong>Harios,</strong></span> <span class='ocrx_word' id='word_1_177' title='bbox 562 3192 769 3267; x_wconf 86' lang='lat' dir='ltr'><strong>Helvetonas,</strong></span> <span class='ocrx_word' id='word_1_178' title='bbox 790 3192 965 3267; x_wconf 90' lang='lat' dir='ltr'><strong>Manimos,</strong></span> <span class='ocrx_word' id='word_1_179' title='bbox 987 3192 1139 3270; x_wconf 90' lang='lat' dir='ltr'><strong>Helisios,</strong></span> <span class='ocrx_word' id='word_1_180' title='bbox 1159 3192 1328 3258; x_wconf 88' lang='lat' dir='ltr'><strong>Nahanar·</strong></span> 
     </span>
     <span class='ocr_line' id='line_1_27' title="bbox 310 3303 1328 3389; baseline 0.004 -22"><span class='ocrx_word' id='word_1_181' title='bbox 310 3306 408 3367; x_wconf 80' lang='lat' dir='ltr'><strong>valos.</strong></span> <span class='ocrx_word' id='word_1_182' title='bbox 464 3303 559 3386; x_wconf 88' lang='lat' dir='ltr'><strong>Apud</strong></span> <span class='ocrx_word' id='word_1_183' title='bbox 595 3304 834 3369; x_wconf 80' lang='lat' dir='ltr'><strong>Nahanarvalos</strong></span> <span class='ocrx_word' id='word_1_184' title='bbox 868 3307 1014 3389; x_wconf 90' lang='lat' dir='ltr'><strong>antiquae</strong></span> <span class='ocrx_word' id='word_1_185' title='bbox 1048 3308 1207 3387; x_wconf 88' lang='lat' dir='ltr'><strong>religionis</strong></span> <span class='ocrx_word' id='word_1_186' title='bbox 1240 3312 1328 3371; x_wconf 90' lang='lat' dir='ltr'><strong>lucus</strong></span> 
     </span>
     <span class='ocr_line' id='line_1_28' title="bbox 311 3417 1328 3501; baseline 0.003 -19"><span class='ocrx_word' id='word_1_187' title='bbox 311 3417 495 3482; x_wconf 86' lang='lat' dir='ltr'><strong>ostenditur.</strong></span> <span class='ocrx_word' id='word_1_188' title='bbox 553 3420 710 3501; x_wconf 86' lang='lat' dir='ltr'><strong>praesidet</strong></span> <span class='ocrx_word' id='word_1_189' title='bbox 745 3417 888 3483; x_wconf 88' lang='lat' dir='ltr'><strong>sacerdos</strong></span> <span class='ocrx_word' id='word_1_190' title='bbox 922 3419 1070 3482; x_wconf 90' lang='lat' dir='ltr'><strong>muliebri</strong></span> <span class='ocrx_word' id='word_1_191' title='bbox 1104 3433 1237 3484; x_wconf 89' lang='lat' dir='ltr'><strong>ornatu:</strong></span> <span class='ocrx_word' id='word_1_192' title='bbox 1273 3422 1328 3485; x_wconf 89' lang='lat' dir='ltr'><strong>sed</strong></span> 
     </span>
     <span class='ocr_line' id='line_1_29' title="bbox 311 3532 1327 3619; baseline 0.004 -24"><span class='ocrx_word' id='word_1_193' title='bbox 311 3532 402 3613; x_wconf 91' lang='lat' dir='ltr'><strong>deos,</strong></span> <span class='ocrx_word' id='word_1_194' title='bbox 440 3533 697 3617; x_wconf 89' lang='lat' dir='ltr'><strong>interpretatione</strong></span> <span class='ocrx_word' id='word_1_195' title='bbox 729 3544 877 3612; x_wconf 80' lang='lat' dir='ltr'><strong>romana,</strong></span> <span class='ocrx_word' id='word_1_196' title='bbox 914 3532 1074 3597; x_wconf 85' lang='lat' dir='ltr'><strong>Castorem</strong></span> <span class='ocrx_word' id='word_1_197' title='bbox 1105 3537 1327 3619; x_wconf 86' lang='lat' dir='ltr'><strong>Pollucemque</strong></span> 
     </span>
     <span class='ocr_line' id='line_1_30' title="bbox 309 3646 1327 3725; baseline 0.004 -18"><span class='ocrx_word' id='word_1_198' title='bbox 309 3663 496 3711; x_wconf 85' lang='lat' dir='ltr'><strong>memorant.</strong></span> <span class='ocrx_word' id='word_1_199' title='bbox 540 3668 577 3708; x_wconf 91' lang='lat' dir='ltr'><strong>ea</strong></span> <span class='ocrx_word' id='word_1_200' title='bbox 597 3647 644 3711; x_wconf 87' lang='lat' dir='ltr'><strong>vis</strong></span> <span class='ocrx_word' id='word_1_201' title='bbox 667 3646 799 3725; x_wconf 88' lang='lat' dir='ltr'><strong>numini,</strong></span> <span class='ocrx_word' id='word_1_202' title='bbox 820 3669 935 3711; x_wconf 91' lang='lat' dir='ltr'><strong>nomen</strong></span> <span class='ocrx_word' id='word_1_203' title='bbox 958 3649 1051 3711; x_wconf 88' lang='lat' dir='ltr'><strong>Alcis.</strong></span> <span class='ocrx_word' id='word_1_204' title='bbox 1094 3651 1182 3712; x_wconf 89' lang='lat' dir='ltr'><strong>nulla</strong></span> <span class='ocrx_word' id='word_1_205' title='bbox 1202 3651 1327 3712; x_wconf 89' lang='lat' dir='ltr'><strong>simula-</strong></span> 
     </span>
     <span class='ocr_line' id='line_1_31' title="bbox 310 3761 1326 3844; baseline 0.008 -26"><span class='ocrx_word' id='word_1_206' title='bbox 310 3779 378 3836; x_wconf 87' lang='lat' dir='ltr'><strong>cra,</strong></span> <span class='ocrx_word' id='word_1_207' title='bbox 401 3761 522 3821; x_wconf 89' lang='lat' dir='ltr'><strong>nullum</strong></span> <span class='ocrx_word' id='word_1_208' title='bbox 544 3761 726 3841; x_wconf 90' lang='lat' dir='ltr'><strong>peregrinae</strong></span> <span class='ocrx_word' id='word_1_209' title='bbox 748 3761 977 3843; x_wconf 89' lang='lat' dir='ltr'><strong>superstitionis</strong></span> <span class='ocrx_word' id='word_1_210' title='bbox 999 3762 1177 3844; x_wconf 81' lang='lat' dir='ltr'><strong>vestigium3</strong></span> <span class='ocrx_word' id='word_1_211' title='bbox 1208 3776 1243 3825; x_wconf 92' lang='lat' dir='ltr'><strong>ut</strong></span> <span class='ocrx_word' id='word_1_212' title='bbox 1264 3765 1326 3826; x_wconf 87' lang='lat' dir='ltr'><strong>fra·</strong></span> 
     </span>
     <span class='ocr_line' id='line_1_32' title="bbox 309 3877 1326 3955; baseline 0.004 -20"><span class='ocrx_word' id='word_1_213' title='bbox 309 3888 371 3936; x_wconf 84' lang='lat' dir='ltr'><strong>tres</strong></span> <span class='ocrx_word' id='word_1_214' title='bbox 394 3887 515 3955; x_wconf 87' lang='lat' dir='ltr'><strong>tamen,</strong></span> <span class='ocrx_word' id='word_1_215' title='bbox 543 3889 578 3938; x_wconf 89' lang='lat' dir='ltr'><strong>ut</strong></span> <span class='ocrx_word' id='word_1_216' title='bbox 597 3880 728 3955; x_wconf 89' lang='lat' dir='ltr'><strong>juvenes</strong></span> <span class='ocrx_word' id='word_1_217' title='bbox 751 3892 951 3941; x_wconf 88' lang='lat' dir='ltr'><strong>venerantur.</strong></span> <span class='ocrx_word' id='word_1_218' title='bbox 996 3877 1142 3940; x_wconf 87' lang='lat' dir='ltr'><strong>Ceterum</strong></span> <span class='ocrx_word' id='word_1_219' title='bbox 1163 3877 1253 3940; x_wconf 92' lang='lat' dir='ltr'><strong>Harii</strong></span> <span class='ocrx_word' id='word_1_220' title='bbox 1275 3898 1326 3939; x_wconf 89' lang='lat' dir='ltr'><strong>su-</strong></span> 
     </span>
     <span class='ocr_line' id='line_1_33' title="bbox 308 3993 1325 4077; baseline 0 -25"><span class='ocrx_word' id='word_1_221' title='bbox 308 3993 484 4071; x_wconf 79' lang='lat' dir='ltr'><strong>pervices,</strong></span> <span class='ocrx_word' id='word_1_222' title='bbox 516 3995 630 4077; x_wconf 84' lang='lat' dir='ltr'><strong>quibus</strong></span> <span class='ocrx_word' id='word_1_223' title='bbox 654 4005 850 4057; x_wconf 84' lang='lat' dir='ltr'><strong>enumeratos</strong></span> <span class='ocrx_word' id='word_1_224' title='bbox 872 3996 966 4076; x_wconf 90' lang='lat' dir='ltr'><strong>paulo</strong></span> <span class='ocrx_word' id='word_1_225' title='bbox 992 4007 1061 4055; x_wconf 85' lang='lat' dir='ltr'><strong>aule</strong></span> <span class='ocrx_word' id='word_1_226' title='bbox 1084 3994 1219 4073; x_wconf 89' lang='lat' dir='ltr'><strong>populos</strong></span> <span class='ocrx_word' id='word_1_227' title='bbox 1240 4004 1325 4053; x_wconf 86' lang='lat' dir='ltr'><strong>antc-</strong></span> 
     </span>
    </p>
   </div>
   <div class='ocr_carea' id='block_1_5' title="bbox 0 0 1476 4625">
    <p class='ocr_par' dir='ltr' id='par_1_7' title="bbox 0 0 1476 4625">
     <span class='ocr_line' id='line_1_34' title="bbox 0 0 1476 4625; baseline 0 0"><span class='ocrx_word' id='word_1_228' title='bbox 0 0 1476 4625; x_wconf 95' lang='lat' dir='ltr'><strong> </strong></span> 
     </span>
    </p>
   </div>
  </div>
 </body>
</html>
