2934 4625
561 242 795 311 nunnitus
1148 242 1190 308 13

253 418 346 483 Potui
367 419 483 481 ltumor
506 438 545 479 ex
574 415 695 479 hordeo
719 428 774 478 aut
795 416 953 480 lrumento
976 415 1010 478 in
1032 414 1237 500 qttandam2³

167 535 401 598 similitudinem
433 535 498 600 vini
528 548 713 617 cormsptus3
748 533 887 615 proximi
908 533 996 615 ripae
1024 545 1055 595 et
1081 534 1190 597 vinum

167 664 356 712 mercantur.
401 649 471 711 Cibi
493 648 666 728 simplicesz
699 646 831 727 agrestia
853 667 963 727 poma,
992 665 1102 707 recens
1123 645 1190 706 fera

166 777 219 824 aut
250 766 298 824 lac
329 777 519 825 concretum.
561 761 637 823 Sine
669 776 835 844 apparatu,
871 761 938 823 sine
970 760 1190 824 blandimentis

166 879 329 958 expellunt
348 879 480 955 laniem,
515 876 665 941 adversus
689 879 772 939 sitim
794 898 859 939 non
883 875 991 938 eadem
1012 889 1190 959 temperan-

165 991 220 1053 tia.
270 991 304 1052 Si
325 989 493 1053 indulseris
515 990 658 1053 ebrietati
680 988 874 1070 suggerendo
899 1003 1052 1071 quantum
1075 1012 1190 1052 coneu-

164 1104 306 1184 piscunt,
327 1104 414 1167 haud
435 1106 539 1168 nunus
561 1106 653 1168 facile
672 1106 757 1171 vitiis
779 1127 874 1189 quarn
899 1107 992 1167 armis
1013 1106 1190 1170 vincentur.

251 1220 359 1284 Genus
386 1224 635 1304 spectaculorum
664 1242 763 1284 unum
796 1235 891 1304 atque
918 1223 953 1283 in
982 1223 1069 1284 omni
1097 1223 1237 1284 coetu24

164 1331 258 1396 idem.
300 1335 388 1399 Nudi
406 1342 551 1416 juvenes,
572 1339 688 1422 quibus
708 1337 740 1399 id
763 1336 918 1400 ludicrum
941 1350 1001 1416 est,
1021 1337 1105 1398 inter
1124 1339 1189 1416 gla-

97 1439 101 1444 ”
165 1444 234 1511 dios
255 1471 288 1512 se
312 1463 406 1535 atque
427 1453 556 1516 infestas
577 1455 711 1516 frameas
732 1456 813 1516 saltu
837 1453 965 1532 jaciunt.
1007 1453 1189 1516 exercitatio

165 1574 264 1623 artem
293 1566 434 1644 paravit,
462 1587 513 1627 ars
542 1566 705 1645 decorem,
737 1568 864 1639 nonin
894 1579 1058 1651 quaestum
1083 1580 1189 1628 tamen

166 1687 222 1736 aut
251 1676 441 1755 mercedem,
476 1679 619 1761 quamvis
650 1677 776 1741 audacis
806 1680 950 1740 lasciviae
976 1679 1114 1760 pretium
1143 1691 1190 1740 est

165 1789 311 1871 voluptas
333 1792 547 1872 spectantium.
590 1792 709 1870 Aleam,
733 1790 819 1875 quod
840 1796 964 1871 mirere,
984 1793 1084 1857 sobrii
1107 1794 1190 1855 inter

166 1905 246 1965 seria
272 1918 433 1985 exercent,
456 1919 542 1969 tanta
562 1905 706 1969 lucrandi
726 1905 918 1988 perdendive
938 1908 1121 1984 temeritate,
1145 1921 1188 1987 ut,

166 2040 266 2101 quum
288 2021 395 2084 omnia
415 2020 604 2099 defecerunt,
630 2034 773 2085 extremo
795 2044 830 2084 ac
851 2023 1023 2086 novissimo
1044 2028 1126 2100 jactu
1149 2021 1188 2084 de

165 2135 308 2197 libertate
337 2158 372 2200 ac
394 2134 433 2197 de
455 2157 587 2217 corpore
611 2134 811 2200 contendant.
855 2136 955 2199 victus
976 2136 1188 2201 voluntariam

166 2249 347 2313 servitutem
375 2248 456 2315 adit:
494 2232 638 2335 quamvis
662 2254 826 2332 juvenior,
862 2254 1004 2336 quamvis
1026 2254 1188 2317 robustior

166 2364 285 2443 alligari
305 2387 338 2428 se
361 2388 397 2427 ac
417 2368 525 2432 venire
545 2369 676 2450 patitur.
720 2390 757 2430 ea
786 2381 831 2430 est
851 2370 886 2430 in
908 2391 944 2431 re
964 2390 1063 2450 prava
1082 2369 1187 2450 pervi-

166 2478 269 2539 cacia:
297 2478 359 2560 ipsi
379 2478 473 2542 fidem
496 2495 620 2547 vocant.
663 2481 779 2546 Servos
805 2481 997 2545 condicionis
1014 2485 1109 2560 hujus
1129 2504 1188 2564 per

167 2593 352 2653 commercia
376 2591 521 2675 tradunt,
553 2606 589 2656 ut
610 2616 644 2658 se
669 2616 797 2679 quoque
818 2592 940 2678 pudore
961 2595 1110 2660 victoriae
1131 2616 1187 2657 ex·

165 2707 298 2769 solvant.

251 2821 371 2884 Ceteris
403 2822 501 2887 servis
533 2845 599 2886 non
631 2822 665 2886 in
697 2834 841 2885 nostrum
870 2842 989 2884 morem
1025 2818 1236 2902 descripsisse

167 2955 226 3016 per
249 2935 398 2998 familiam
419 2937 599 3000 ministeriis
620 2950 772 3000 utuntur:
805 2957 895 2999 suam
916 2934 1049 3019 quisque
1072 2932 1187 3011 sedem,

167 3068 240 3110 suos
265 3062 394 3128 penates
421 3053 510 3131 regit.
553 3050 717 3112 Frumenti
740 3048 869 3113 modum
890 3048 1036 3112 dominus
1058 3062 1112 3111 aut
1131 3070 1188 3130 pe·

168 3160 247 3223 coris
270 3175 324 3223 aut
350 3164 445 3227 vestis
472 3176 508 3226 ut
529 3164 643 3227 colono
667 3165 819 3243 injungit,
852 3176 882 3226 et
905 3184 1015 3227 servus
1037 3164 1188 3226 hactenns

165 3288 271 3356 paret,
300 3290 403 3340 cetera
422 3277 535 3342 domus
559 3280 661 3343 officia
683 3300 769 3343 uxor
791 3300 826 3341 ac
844 3280 938 3340 liberi
960 3291 1187 3360 exsequuntur.

166 3387 344 3452 Verberare
366 3413 491 3458 servum
514 3414 549 3454 ac
569 3392 701 3455 vinculis
725 3404 756 3454 et
778 3411 873 3472 opere
896 3411 1040 3454 coercere
1059 3412 1185 3468 rarum3

168 3498 308 3562 occidere
332 3505 433 3566 solent
461 3525 529 3567 non
552 3505 714 3588 disciplina
744 3519 775 3567 et
803 3506 967 3569 severitate
989 3505 1043 3567 sed
1067 3506 1186 3587 impetu

169 3627 199 3675 et
227 3614 291 3692 ira,
322 3627 359 3676 nt
378 3616 557 3696 inimicum,
586 3620 648 3681 nisi
676 3617 764 3701 quod
793 3618 933 3700 impune.
975 3616 1098 3680 Liberti
1119 3638 1186 3680 non

167 3731 301 3792 multum
321 3751 417 3813 supra
434 3754 545 3796 servos
568 3746 657 3814 sunt,
689 3756 764 3797 raro
788 3733 916 3818 aliquod
936 3747 1129 3795 momentum
1151 3735 1186 3795 in

169 3843 277 3925 domo,
300 3868 463 3931 nunquam
485 3848 519 3908 in
539 3848 677 3926 civitate,
699 3850 836 3931 exceptis
855 3848 1008 3911 duntaxat
1027 3848 1066 3908 iis
1086 3848 1185 3926 genti·

167 3958 227 4020 bus
259 3980 340 4041 quae
367 3973 547 4042 regnantur.
597 3961 643 4023 ibi
671 3962 754 4024 enim
785 3976 816 4025 et
843 3982 939 4043 super
968 3962 1119 4040 ingenuos
1154 3971 1185 4020 et
