2934 4625
475 233 539 352 sax
562 282 818 356 tunsurus
1118 289 1161 355 st

137 455 325 523 trucidatum
344 468 407 536 est,
431 453 531 522 donec
552 459 601 522 ira
623 471 654 521 et
675 458 741 522 dies
762 460 943 541 permansit.
985 458 1084 525 Nocte
1106 459 1161 524 de·

136 594 224 638 mum
244 593 389 638 reversae
412 571 566 651 legiones,
588 572 731 654 quamn
753 573 825 655 plus
847 576 1031 650 vulnerum,
1051 573 1161 638 eadeni

135 685 279 749 ciborum
301 697 418 766 egestas
440 685 595 765 fatigaret,
621 685 695 763 vim,
717 687 890 766 sanitatem,
912 689 1026 770 copias,
1048 702 1161 753 cuncta

134 803 170 866 in
190 801 320 867 victoria
342 802 493 871 habuere.

219 918 404 980 Pervaserat
435 912 561 978 interim
592 912 794 980 circumventi
827 915 982 978 exercitus
1014 917 1099 979 fama
1129 928 1160 990 et
1171 931 1245 994 ·1,69

134 1029 250 1093 infesto
272 1030 503 1096 Germanorum
531 1031 654 1111 agmine
678 1028 795 1092 Gallias
821 1027 903 1110 peti:
934 1050 968 1090 ac
992 1030 1026 1090 ni
1047 1031 1160 1112 Agrip·

133 1141 209 1223 pina
229 1142 410 1224 impositum
430 1142 543 1205 Rheno
564 1155 693 1225 pontem
714 1142 796 1207 solvi
815 1143 1042 1223 prohibuisset,
1071 1156 1160 1208 erant

133 1254 244 1337 quiid
264 1254 414 1336 flagitium
436 1254 604 1320 formidine
627 1254 790 1320 auderent.
833 1253 889 1319 sed
910 1256 1029 1318 femina
1049 1257 1158 1338 ingens

134 1371 230 1434 animi
250 1371 359 1433 munia
379 1368 467 1432 ducis
487 1390 546 1452 per
566 1388 620 1431 eos
642 1367 709 1431 dies
730 1366 845 1444 induit,
866 1369 1097 1452 militibusque,
1122 1380 1158 1433 ut
1210 1360 1213 1365 ¹

133 1485 204 1567 quis
224 1485 316 1567 inops
337 1496 392 1546 aut
413 1485 554 1560 saucius,
577 1495 696 1549 vestem
719 1496 750 1547 et
775 1486 915 1552 tomenta
939 1484 1080 1566 dilargita
1102 1497 1157 1550 est.

132 1595 244 1660 Tradit
265 1597 360 1675 Cujus
381 1596 520 1674 Plinius,
551 1597 799 1675 germanicorum
827 1599 984 1661 bellorum
1012 1601 1156 1678 scriptor,

133 1713 253 1775 stetisse
276 1707 360 1794 apud
381 1710 573 1793 principium
595 1712 719 1793 pontis,
742 1710 851 1782 laudes
874 1724 906 1773 et
927 1726 1028 1791 grates
1050 1732 1157 1778 rever·
1197 1738 1199 1740 ·

131 1823 173 1888 sis
194 1823 372 1905 legionibus
393 1824 573 1888 habentem.

216 1939 259 2000 At
284 1938 488 2006 Germanicus
516 1937 676 2018 legionum
698 1956 777 2019 quas
800 1937 936 1999 navibus
957 1948 1086 1999 vexerat
1107 1955 1243 2019 se·1‚to

131 2050 267 2118 cundem
299 2065 331 2115 et
360 2065 503 2135 quartam
533 2051 697 2117 decumam
728 2052 842 2116 itinere
872 2052 1012 2113 terrestri
1040 2052 1154 2115 Publio

129 2166 259 2229 Vitellio
281 2164 438 2229 ducendas
459 2164 572 2244 tradit,
600 2185 664 2249 quo
685 2165 787 2238 levior
807 2165 913 2234 classis
937 2163 1054 2229 vadoso
1075 2165 1155 2228 mari

128 2280 256 2344 innaret
287 2281 339 2344 vel
367 2280 529 2362 reciproco
566 2278 689 2343 sideret.
743 2278 891 2341 Vitellius
925 2278 1063 2360 primum
1093 2278 1154 2341 iter

128 2395 208 2457 sicca
232 2396 330 2457 humo
358 2407 414 2457 aut
433 2391 555 2456 modice
577 2393 731 2457 allabente
755 2404 843 2452 aestu
866 2392 1007 2473 quietum
1026 2393 1153 2454 babuit:
1235 2423 1237 2429 ·

127 2528 206 2570 mox
234 2490 373 2589 impulsu
396 2504 569 2588 aquilonis,
597 2504 691 2565 simul
712 2500 816 2569 sidere
847 2504 1052 2584 aequinoctii,
1089 2528 1153 2589 quo

128 2620 263 2682 maxime
291 2617 434 2681 tumescit
462 2635 615 2693 oceanus,
648 2615 718 2696 rapi
745 2616 858 2698 agique
880 2638 1001 2697 agmen.
1044 2632 1075 2680 et
1096 2640 1153 2701 op·

127 2734 296 2814 plebantur
315 2743 436 2794 terrae:
459 2727 566 2793 eadem
589 2729 686 2808 freto,
708 2726 808 2806 litori,
829 2731 945 2810 campis
966 2730 1075 2807 facies,
1095 2752 1152 2793 ne·

128 2868 190 2931 que
222 2846 359 2910 discerni
377 2856 526 2928 poterant
546 2845 664 2909 incerta
691 2845 731 2906 ab
752 2842 876 2922 solidis,
907 2848 1015 2910 brevia
1036 2869 1055 2908 a
1074 2869 1151 2929 pro·

126 2960 246 3024 fundis.
288 2972 471 3024 sternuntur
491 2956 653 3034 fluctibus,
674 2958 867 3023 hauriuntur
887 2958 1080 3039 gurgitibus:
1100 2966 1152 3039 ju-

125 3087 249 3153 menta,
281 3073 439 3148 sarcinae,
472 3091 606 3152 corpora
635 3072 780 3134 exaninta
801 3070 1006 3145 interfluunt,
1041 3093 1150 3136 occur·

126 3203 205 3252 sent.
248 3188 476 3272 permiscentur
504 3185 587 3247 inter
617 3204 649 3246 sa
680 3185 854 3266 manipuli,
887 3184 982 3250 modo
1013 3200 1150 3268 pectore,

125 3303 220 3368 modo
245 3325 299 3367 ore
321 3316 412 3367 tenus
437 3313 604 3377 exstantes,
624 3301 794 3384 aliquando
816 3304 976 3366 subtracto
997 3306 1066 3366 solo
1087 3301 1150 3368 dis·

126 3422 199 3499 jeeti
220 3434 273 3483 aut
296 3421 411 3483 obruti.
453 3441 519 3482 non
547 3438 612 3483 vox
640 3429 671 3480 et
696 3418 800 3483 mutui
828 3420 971 3481 hortatus
998 3421 1151 3498 juvabant

127 3535 311 3599 adversante
335 3533 439 3611 unda,
469 3535 549 3599 nibil
572 3548 720 3597 strenuus
743 3536 782 3595 ab
804 3533 937 3613 ignavo,
965 3534 1088 3615 sapiens
1110 3534 1150 3597 sb

125 3648 217 3727 rudi,
238 3649 368 3712 consilia
389 3670 407 3708 a
429 3669 501 3709 casu
523 3646 670 3725 differre3
704 3660 815 3709 cuncta
836 3647 907 3727 pari
930 3646 1079 3709 violentia
1100 3646 1150 3707 in-

126 3764 346 3828 volvebantur.
387 3758 528 3822 Tandem
557 3759 706 3823 Vitellius
733 3762 768 3820 in
798 3757 932 3823 editiora
962 3758 1066 3823 enisus
1096 3780 1150 3823 eo-

128 3879 198 3942 dem
232 3900 343 3960 agmen
376 3874 539 3940 subduxit.
591 3889 815 3958 pernoctavere
848 3876 916 3940 sine
954 3874 1149 3953 utensilibus,

129 3994 432 4076 sineign13magna
453 4012 527 4076 pars
544 3989 636 4055 nudo
659 4006 714 4056 aut
738 3997 874 4059 mulcato
897 4013 1039 4076 corpore,
1064 3987 1149 4050 haud
