2934 4625
291 256 353 322 tlt
633 251 696 320 EX
718 250 953 320 HISTORIIS

205 442 276 507 att
375 432 417 492 At
441 428 549 496 Civilis
576 439 650 509 post
672 429 786 489 malam
813 426 847 488 in
875 426 1023 492 Treveris
1051 448 1189 510 pugnam
1218 450 1309 512 repa.

290 558 358 606 rato
381 565 438 624 per
466 542 668 606 Germaniam
692 541 835 606 exercitu
863 542 948 627 apud
968 544 1086 606 Vetera
1112 557 1214 609 castra
1234 567 1309 610 con-

290 655 377 733 sedit,
399 668 485 720 tutus
497 656 584 737 loco,
605 668 637 717 et
656 666 694 718 ut
713 657 865 727 memoria
879 675 1106 737 prosperarum
1120 657 1185 722 illic
1202 680 1309 721 rerum

290 782 490 849 augescerent
510 770 720 839 barbarorum
742 769 848 833 animi,
896 768 1028 834 Secutus
1049 783 1096 835 est
1117 770 1232 846 eodem
1249 774 1308 837 Ge·

288 885 373 947 rialia
405 882 571 965 duplicatis
603 886 700 966 copiis
731 882 868 950 adventu
901 883 1055 950 secundae
1084 898 1116 950 et
1142 899 1249 950 sextae
1278 900 1308 949 et

290 1010 418 1081 quartae
450 994 597 1059 decumae
628 999 799 1077 legionum.
851 1000 1058 1081 cohortesque
1087 1001 1215 1078 atalae
1243 1004 1307 1079 jam

287 1110 409 1192 pridem
441 1113 555 1174 accitae
587 1123 659 1192 post
688 1112 852 1176 victoriam
880 1125 1140 1195 properaverant.
1187 1112 1307 1177 Neuter

287 1222 404 1287 ducum
418 1236 591 1287 cunctator.
632 1219 688 1284 aed
704 1225 829 1287 arcebat
846 1223 979 1288 latitudo
997 1246 1180 1308 camporum
1196 1230 1307 1309 suopte

286 1338 411 1418 ingenio
419 1337 628 1400 humentium.
646 1334 819 1400 Addiderat
826 1336 934 1403 Civilis
946 1338 1107 1422 obliquam
1116 1339 1306 1404 inRhenum

286 1454 418 1531 molem,-
440 1457 529 1531 cujus
557 1454 679 1532 objectu
700 1455 866 1518 reuolutus
892 1454 993 1517 amnis
1018 1453 1230 1534 adjacentibus
1252 1479 1306 1521 su-

284 1565 539 1650 perfunderetur.
582 1587 619 1644 aa
639 1568 703 1630 loci
724 1568 829 1630 forma
853 1568 980 1631 incertia
1004 1567 1092 1634 vadis
1111 1568 1245 1636 subdola
1275 1583 1306 1633 et

284 1685 378 1750 nobis
404 1682 554 1747 adversa:
589 1681 708 1765 quippe
734 1683 824 1744 miles
851 1701 1002 1745 romanus
1024 1682 1119 1771 armis
1143 1684 1246 1764 gravis
1274 1697 1305 1749 at

283 1799 382 1862 nandi
401 1797 556 1880 pavidus:
584 1795 762 1860 Germanos
785 1795 968 1861 fluminibus
991 1810 1096 1862 suetos
1122 1797 1232 1862 leuitas
1253 1820 1305 1862 ar·

284 1933 409 1975 morum
429 1924 459 1972 et
480 1909 650 1992 proceritas
671 1929 841 1991 corporum
862 1910 984 1976 attollit.

199 2042 269 2104 ,215
368 2027 466 2106 igitur
484 2027 706 2093 lacessentibus
729 2026 855 2092 Batavis
883 2026 1075 2092 ferocissimo
1103 2030 1216 2113 cuique
1244 2050 1303 2093 no-

151 2117 153 2122 ,
283 2151 422 2200 strorum
438 2150 584 2220 coeptum
599 2150 774 2200 certament
796 2136 908 2202 deinde
924 2153 993 2203 orta
1008 2139 1185 2225 trepidatio,
1204 2164 1302 2226 quum

283 2254 429 2334 praealtis
458 2251 626 2334 paludibus
653 2264 759 2332 arma',
778 2255 861 2338 ⁸equi
889 2255 1103 2320 haurirentur.
1151 2256 1302 2322 Germani

281 2366 364 2428 notis
386 2363 473 2428 vadis
494 2367 718 2448 persultabant,
741 2366 855 2430 onaissa
869 2369 1056 2454 plerumque
1078 2371 1183 2435 frome
1202 2373 1302 2434 latera

282 2499 317 2539 ac
344 2492 429 2559 terga
454 2479 740 2543 circumvenientes.
783 2484 903 2564 neque,
936 2496 971 2545 ut
997 2485 1032 2547 iu
1061 2481 1206 2567 pedestri
1226 2484 1301 2562 acie,

281 2595 423 2658 cominus
444 2596 565 2659 eminus
587 2598 780 2675 certabatur,
810 2596 865 2675 sed
886 2611 1037 2681 tanquam
1058 2599 1165 2664 navali
1185 2619 1301 2681 pugna,

279 2713 350 2792 vagi
372 2714 455 2774 inter
477 2711 578 2775 undas
603 2724 673 2790 aut,
706 2711 733 2776 si
763 2710 839 2794 quid
862 2715 973 2779 stabile
996 2717 1196 2794 occurrebat,
1226 2716 1300 2779 totis

278 2827 343 2888 illic
364 2827 551 2907 corporibus
574 2828 725 2902 nitentes,
754 2826 911 2889 vulnerati
935 2849 1006 2890 cum
1031 2827 1179 2910 integris,
1205 2829 1300 2911 periti

278 2939 376 3005 nandi
400 2962 471 3003 cum
491 2939 607 3022 ignaris
628 2941 663 3003 iu
684 2952 826 3003 mutuam
851 2943 1023 3023 perniciem
1046 2944 1300 3027 implicabantur.

277 3060 383 3121 minor
402 3070 510 3120 tamen
533 3078 628 3141 quam
651 3077 711 3137 pro
733 3060 871 3121 tumultu
893 3058 1019 3137 caedes,
1046 3060 1122 3144 quia
1142 3081 1209 3124 non
1230 3058 1300 3124 ausi

277 3170 383 3250 egredi
403 3166 549 3251 paludem
569 3168 718 3229 Germani
739 3166 773 3227 in
797 3181 897 3230 eastra
916 3169 1050 3233 rediere.
1090 3171 1169 3248 Ejus
1184 3170 1299 3253 proelii

275 3296 406 3348 eventus
430 3294 599 3364 utrumque
619 3279 731 3344 ducens
751 3278 882 3359 diversis
899 3283 996 3347 animi
1015 3284 1152 3349 motibus
1171 3282 1213 3348 ad
1230 3306 1298 3348 ma-

274 3395 445 3461 turandum
465 3415 605 3458 summae
631 3394 680 3457 rei
706 3395 872 3459 discrImen
899 3399 1010 3462 erexit.
1052 3397 1160 3463 Civilis
1180 3399 1297 3463 Instare

272 3512 430 3589 fortunae,
446 3506 576 3571 Cerialis
590 3509 715 3574 abolere
729 3511 943 3591 ignominiam.
974 3511 1124 3575 Germani
1136 3512 1297 3597 prosperis

272 3628 411 3689 feroces:
432 3623 593 3686 Romanos
605 3621 712 3705 pudor
724 3625 925 3690 excitaverat.
966 3647 1033 3690 nox
1046 3625 1131 3709 apud
1145 3628 1297 3691 barbaros

273 3754 366 3804 cantu
387 3753 442 3802 aut
460 3740 612 3817 clamore,
633 3741 748 3804 nostris
768 3763 827 3824 per
847 3744 928 3807 iram
950 3757 981 3806 et
1000 3745 1101 3808 minae
1122 3757 1200 3808 acta.

121 3908 135 3919 s
181 3851 213 3941 ⁴5,
226 3875 258 3923 te
357 3856 486 3917 Postera
516 3854 585 3914 luce
614 3851 746 3916 Cerialis
774 3856 878 3937 equite
903 3870 934 3920 et
956 3857 1128 3920 auxiliariis
1153 3856 1295 3920 'cohorti-

271 3971 329 4031 bus
360 3972 497 4034 Irontem
525 3971 643 4050 explet,
673 3970 710 4032 in
740 3971 877 4037 secunda
907 3972 971 4037 acie
998 3972 1136 4054 legiones
1164 3973 1294 4050 locatae,
