2934 4625
315 288 358 352 66
674 278 733 345 EX
761 274 993 345 HISTORIIS

320 461 360 527 ad
390 460 601 546 germanicum
637 455 809 522 exercitum
842 458 969 536 legatos.
1032 452 1178 537 agitatum
1212 468 1343 534 secreto,

318 601 394 642 num
413 590 444 640 et
464 580 537 640 Piso
556 574 807 659 proficisceretur
825 577 943 650 majore
963 582 1138 653 praetextu,
1161 570 1209 634 illi
1232 585 1343 636 aucto·

317 697 440 757 ritatem
467 706 592 756 senatus
620 692 672 755 hic
700 689 910 771 dignationem
938 688 1070 749 caesaris
1096 689 1229 751 laturus.
1271 691 1342 770 pla·

319 811 408 871 cebat
436 821 466 869 et
487 807 646 869 Laconem
672 805 822 887 praetorii
847 802 1040 884 praelectum
1066 801 1159 864 simul
1185 803 1282 864 mitti:
1314 804 1341 866 is

319 926 450 989 consilio
471 921 654 986 intercessit.
694 922 788 1001 legati
810 940 938 1003 qnoque
960 918 1049 1001 (nam
1069 934 1193 983 senatus
1215 921 1341 983 electio·

320 1064 392 1105 nem
409 1042 527 1105 Galbae
547 1038 742 1123 permiserat)
764 1036 857 1101 foeda
873 1037 1082 1100 inconstantia
1101 1037 1261 1116 nominati,
1283 1059 1341 1100 ex-

321 1160 427 1238 cusati,
451 1158 608 1221 substituti
628 1157 747 1217 ambitu
768 1150 952 1215 remanendi
973 1165 1026 1215 aut
1047 1150 1152 1231 eundi,
1172 1165 1208 1215 ut
1229 1177 1339 1238 quem-

321 1296 382 1357 que
404 1286 504 1335 metus
525 1272 576 1333 vel
597 1289 667 1351 spes
689 1267 867 1349 impulerat.

238 1373 305 1436 ¹t²⁶
405 1385 449 1474 (a.
471 1385 527 1462 69)
554 1385 667 1446 Infecit
688 1404 724 1444 ea
746 1384 832 1445 tabee
859 1379 1018 1461 legionum
1046 1402 1174 1465 quoque
1195 1394 1226 1443 et
1247 1382 1338 1445 auxi·

319 1502 435 1565 liorum
461 1513 560 1562 motas
585 1502 648 1578 jam
669 1508 806 1573 mentes,
835 1507 1003 1581 postquam
1023 1496 1184 1576 vulgatum
1204 1509 1271 1558 erat
1289 1498 1338 1559 la·

319 1621 395 1681 bare
416 1615 584 1698 germanici
605 1611 760 1678 exercitus
780 1609 884 1675 fidem.

237 1726 305 1789 ¹2³7
403 1731 446 1817 (a.
468 1727 524 1815 69)
545 1730 603 1792 His
622 1726 770 1808 auspiciis
791 1728 902 1788 urbem
919 1723 1076 1805 ingressus
1097 1749 1192 1810 quam
1207 1726 1338 1808 gloriam

318 1846 359 1910 ad
386 1845 597 1929 principatum
627 1843 731 1903 attulit
756 1837 819 1901 nisi
844 1839 937 1903 occisi
960 1837 1141 1904 Obultronii
1168 1840 1278 1903 Sabini
1306 1854 1339 1904 et

319 1959 459 2023 Cornelii
477 1954 619 2019 Marcelli
638 1955 672 2015 in
693 1953 863 2034 Hispania,
891 1952 984 2015 Betui
1004 1951 1146 2017 Chilonis
1166 1954 1201 2016 in
1227 1954 1338 2034 Gallia,

318 2073 433 2136 Fontei
454 2071 613 2152 Capitonis
636 2071 670 2130 in
699 2069 886 2144 Germania,
915 2067 1018 2132 Clodii
1038 2061 1197 2131 Macri'in
1218 2071 1345 2148 Africus
1447 2085 1449 2098 '

319 2183 466 2265 Cingonii
486 2182 519 2245 in
543 2182 609 2260 via,
640 2180 817 2265 Turpiliani
838 2183 870 2245 in
894 2184 991 2261 urbe,
1022 2179 1205 2268 Nymphidii
1224 2184 1257 2245 in
1283 2206 1337 2246 ca-

318 2295 415 2362 etris?
430 2293 459 2383 ⁴)
778 2273 780 2278 ι

237 2410 304 2469 949
406 2414 449 2493 (a.
472 2411 527 2488 69)
549 2409 625 2474 dum
645 2413 769 2495 vigebat
789 2425 883 2491 aetas,
905 2412 1031 2476 militari
1042 2409 1135 2476 lauda
1154 2409 1238 2495 apud
1255 2410 1337 2472 Ger·

320 2526 439 2590 manias
456 2525 575 2590 floruit.
588 2523 636 2609 **)

237 2649 304 2709 t,5o
404 2640 448 2723 (a.
471 2640 527 2722 69)
555 2639 724 2723 Trepidam
751 2642 861 2701 urbem
887 2661 922 2700 ac
949 2638 1042 2701 simul
1066 2642 1260 2704 atrocitatem
1283 2663 1335 2704 re·

318 2756 414 2818 centis
444 2755 567 2818 sceleris
597 2748 690 2816 simul
717 2764 839 2816 veteres
870 2749 1005 2816 Othonis
1033 2775 1136 2818 mores
1168 2748 1343 2837 paventem*

317 2889 419 2932 novus
446 2869 577 2951 insuper
603 2865 642 2929 de
668 2866 796 2929 Vitellio
823 2868 951 2929 nuntius
979 2871 1133 2930 exterruit
1163 2883 1234 2931 ante
1265 2892 1335 2931 cae-

317 2978 387 3043 dem
404 2980 522 3044 Galbae
542 2999 739 3062 suppressus,
760 2992 796 3042 ut
814 2992 936 3042 tantum
956 2982 1126 3063 superioris
1148 2982 1336 3047 Germaniae

317 3096 488 3157 exercitum
517 3094 681 3159 desciuisse
711 3091 890 3155 crederetur
912 3137 1075 3158 ......
1121 3095 1216 3157 Nunc
1244 3098 1336 3161 initia

316 3229 486 3290 causasque
505 3221 608 3269 motus
628 3205 780 3269 vitelliani
802 3202 977 3286 expediam.

221 3335 299 3398 ι1,51
403 3323 502 3385 Caeso
536 3342 607 3382 cum
640 3319 787 3382 omnibus
822 3319 919 3401 copiis
954 3318 1037 3382 Julio
1070 3319 1204 3385 Vindice
1241 3323 1335 3389 ferox

315 3437 431 3523 praeda
450 3436 612 3519 gloriaque
637 3434 810 3510 exercitus,
836 3447 872 3497 ut
898 3433 949 3496 cui
975 3435 1041 3496 sine
1063 3436 1172 3499 labore
1193 3459 1228 3499 ac
1248 3437 1335 3520 peri·

315 3559 385 3619 culo
415 3550 556 3615 ditissimi
581 3551 658 3614 belli
682 3551 814 3616 victoria
841 3551 1009 3627 evenisset,
1043 3548 1274 3632 expeditionem
1301 3561 1335 3613 et

314 3671 422 3748 aciem,
442 3666 581 3752 praemia
602 3685 697 3750 quam
714 3663 868 3747 stipendia
885 3665 1029 3729 malebat.
1069 3664 1136 3727 Diu
1156 3663 1333 3726 infructuo·

369 3896 398 3963 *)
416 3896 494 3950 versa
511 3902 571 3951 sunt
588 3894 697 3951 ortona
714 3878 746 3949 tn‘
758 3894 878 3950 catena.

357 3995 395 4064 a)
413 3996 506 4053 cetea.
