<?xml version="1.0" encoding="UTF-8"?>
<!DOCTYPE html PUBLIC "-//W3C//DTD XHTML 1.0 Transitional//EN"
    "http://www.w3.org/TR/xhtml1/DTD/xhtml1-transitional.dtd">
<html xmlns="http://www.w3.org/1999/xhtml" xml:lang="en" lang="en">
 <head>
  <title>
</title>
<meta http-equiv="Content-Type" content="text/html;charset=utf-8" />
  <meta name='ocr-system' content='tesseract 3.04.00' />
  <meta name='ocr-capabilities' content='ocr_page ocr_carea ocr_par ocr_line ocrx_word'/>
</head>
<body>
  <div class='ocr_page' id='page_1' title='image "./tacitigermania02grimgoog_0051.png"; bbox 0 0 2934 4625; ppageno 0'>
   <div class='ocr_carea' id='block_1_1' title="bbox 479 274 1157 363">
    <p class='ocr_par' dir='ltr' id='par_1_1' title="bbox 479 274 1157 363">
     <span class='ocr_line' id='line_1_1' title="bbox 479 274 1157 363; baseline -0.001 -1"><span class='ocrx_word' id='word_1_1' title='bbox 479 274 819 363; x_wconf 71' lang='lat' dir='ltr'><strong>exinanimus</strong></span> <span class='ocrx_word' id='word_1_2' title='bbox 1115 295 1157 362; x_wconf 87' lang='lat' dir='ltr'><strong>u</strong></span> 
     </span>
    </p>
   </div>
   <div class='ocr_carea' id='block_1_2' title="bbox 137 462 1248 1241">
    <p class='ocr_par' dir='ltr' id='par_1_2' title="bbox 137 462 1162 665">
     <span class='ocr_line' id='line_1_2' title="bbox 139 462 1162 559; baseline 0.004 -34"><span class='ocrx_word' id='word_1_3' title='bbox 139 462 263 548; x_wconf 86' lang='lat' dir='ltr'><strong>aliaque</strong></span> <span class='ocrx_word' id='word_1_4' title='bbox 284 465 429 531; x_wconf 90' lang='lat' dir='ltr'><strong>militaria</strong></span> <span class='ocrx_word' id='word_1_5' title='bbox 453 464 535 531; x_wconf 90' lang='lat' dir='ltr'><strong>dona</strong></span> <span class='ocrx_word' id='word_1_6' title='bbox 557 480 725 559; x_wconf 76' lang='lat' dir='ltr'><strong>memorat,</strong></span> <span class='ocrx_word' id='word_1_7' title='bbox 749 464 901 532; x_wconf 78' lang='lat' dir='ltr'><strong>irridente</strong></span> <span class='ocrx_word' id='word_1_8' title='bbox 920 466 1064 532; x_wconf 83' lang='lat' dir='ltr'><strong>Arminio</strong></span> <span class='ocrx_word' id='word_1_9' title='bbox 1087 466 1162 533; x_wconf 81' lang='lat' dir='ltr'><strong>tilla</strong></span> 
     </span>
     <span class='ocr_line' id='line_1_3' title="bbox 137 581 423 665; baseline 0.007 -22"><span class='ocrx_word' id='word_1_10' title='bbox 137 581 254 645; x_wconf 85' lang='lat' dir='ltr'><strong>servitii</strong></span> <span class='ocrx_word' id='word_1_11' title='bbox 275 584 423 665; x_wconf 86' lang='lat' dir='ltr'><strong>praemia.</strong></span> 
     </span>
    </p>

    <p class='ocr_par' dir='ltr' id='par_1_3' title="bbox 138 696 1248 1241">
     <span class='ocr_line' id='line_1_4' title="bbox 223 696 1248 782; baseline 0.005 -26"><span class='ocrx_word' id='word_1_12' title='bbox 223 696 306 760; x_wconf 85' lang='lat' dir='ltr'><strong>Exin</strong></span> <span class='ocrx_word' id='word_1_13' title='bbox 337 697 453 780; x_wconf 79' lang='lat' dir='ltr'><strong>diversi</strong></span> <span class='ocrx_word' id='word_1_14' title='bbox 480 699 659 764; x_wconf 90' lang='lat' dir='ltr'><strong>ordiuntur.</strong></span> <span class='ocrx_word' id='word_1_15' title='bbox 700 700 752 763; x_wconf 90' lang='lat' dir='ltr'><strong>hic</strong></span> <span class='ocrx_word' id='word_1_16' title='bbox 780 698 1025 782; x_wconf 79' lang='lat' dir='ltr'><strong>magnitudinem</strong></span> <span class='ocrx_word' id='word_1_17' title='bbox 1055 698 1248 761; x_wconf 59' lang='lat' dir='ltr'><strong>roma-2¹⁰</strong></span> 
     </span>
     <span class='ocr_line' id='line_1_5' title="bbox 138 810 1161 898; baseline 0.005 -27"><span class='ocrx_word' id='word_1_18' title='bbox 138 831 230 889; x_wconf 87' lang='lat' dir='ltr'><strong>nam,</strong></span> <span class='ocrx_word' id='word_1_19' title='bbox 261 833 338 894; x_wconf 90' lang='lat' dir='ltr'><strong>opes</strong></span> <span class='ocrx_word' id='word_1_20' title='bbox 360 815 491 878; x_wconf 88' lang='lat' dir='ltr'><strong>caesaris</strong></span> <span class='ocrx_word' id='word_1_21' title='bbox 512 826 543 878; x_wconf 92' lang='lat' dir='ltr'><strong>et</strong></span> <span class='ocrx_word' id='word_1_22' title='bbox 563 814 652 878; x_wconf 83' lang='lat' dir='ltr'><strong>victis</strong></span> <span class='ocrx_word' id='word_1_23' title='bbox 674 834 783 896; x_wconf 84' lang='lat' dir='ltr'><strong>graves</strong></span> <span class='ocrx_word' id='word_1_24' title='bbox 804 835 941 898; x_wconf 88' lang='lat' dir='ltr'><strong>poenas,</strong></span> <span class='ocrx_word' id='word_1_25' title='bbox 970 814 1006 877; x_wconf 89' lang='lat' dir='ltr'><strong>in</strong></span> <span class='ocrx_word' id='word_1_26' title='bbox 1028 810 1161 876; x_wconf 91' lang='lat' dir='ltr'><strong>deditio·</strong></span> 
     </span>
     <span class='ocr_line' id='line_1_6' title="bbox 140 928 1163 1013; baseline 0.004 -28"><span class='ocrx_word' id='word_1_27' title='bbox 140 945 213 986; x_wconf 90' lang='lat' dir='ltr'><strong>uem</strong></span> <span class='ocrx_word' id='word_1_28' title='bbox 234 928 372 990; x_wconf 77' lang='lat' dir='ltr'><strong>venienti</strong></span> <span class='ocrx_word' id='word_1_29' title='bbox 401 942 541 1009; x_wconf 87' lang='lat' dir='ltr'><strong>paratam</strong></span> <span class='ocrx_word' id='word_1_30' title='bbox 563 928 776 1008; x_wconf 87' lang='lat' dir='ltr'><strong>clementiam,</strong></span> <span class='ocrx_word' id='word_1_31' title='bbox 805 949 909 1013; x_wconf 85' lang='lat' dir='ltr'><strong>neque</strong></span> <span class='ocrx_word' id='word_1_32' title='bbox 939 933 1101 1008; x_wconf 86' lang='lat' dir='ltr'><strong>conjugem</strong></span> <span class='ocrx_word' id='word_1_33' title='bbox 1130 937 1163 989; x_wconf 92' lang='lat' dir='ltr'><strong>et</strong></span> 
     </span>
     <span class='ocr_line' id='line_1_7' title="bbox 139 1040 1161 1129; baseline 0.006 -28"><span class='ocrx_word' id='word_1_34' title='bbox 139 1040 239 1103; x_wconf 85' lang='lat' dir='ltr'><strong>filium</strong></span> <span class='ocrx_word' id='word_1_35' title='bbox 261 1045 503 1128; x_wconf 8' lang='lat' dir='ltr'><strong>ejuspnostttiter</strong></span> <span class='ocrx_word' id='word_1_36' title='bbox 523 1047 644 1110; x_wconf 90' lang='lat' dir='ltr'><strong>haberi.</strong></span> <span class='ocrx_word' id='word_1_37' title='bbox 686 1047 740 1110; x_wconf 88' lang='lat' dir='ltr'><strong>ille</strong></span> <span class='ocrx_word' id='word_1_38' title='bbox 762 1048 809 1110; x_wconf 83' lang='lat' dir='ltr'><strong>ias</strong></span> <span class='ocrx_word' id='word_1_39' title='bbox 831 1045 965 1129; x_wconf 70' lang='lat' dir='ltr'><strong>pamiae,</strong></span> <span class='ocrx_word' id='word_1_40' title='bbox 985 1047 1161 1110; x_wconf 86' lang='lat' dir='ltr'><strong>libertatem</strong></span> 
     </span>
     <span class='ocr_line' id='line_1_8' title="bbox 139 1155 1163 1241; baseline 0.006 -27"><span class='ocrx_word' id='word_1_41' title='bbox 139 1155 270 1231; x_wconf 84' lang='lat' dir='ltr'><strong>avitam,</strong></span> <span class='ocrx_word' id='word_1_42' title='bbox 292 1158 465 1237; x_wconf 76' lang='lat' dir='ltr'><strong>penetrales</strong></span> <span class='ocrx_word' id='word_1_43' title='bbox 487 1159 673 1224; x_wconf 82' lang='lat' dir='ltr'><strong>Genuaniae</strong></span> <span class='ocrx_word' id='word_1_44' title='bbox 694 1160 787 1239; x_wconf 89' lang='lat' dir='ltr'><strong>deos,</strong></span> <span class='ocrx_word' id='word_1_45' title='bbox 808 1171 941 1221; x_wconf 88' lang='lat' dir='ltr'><strong>matrem</strong></span> <span class='ocrx_word' id='word_1_46' title='bbox 960 1179 1091 1241; x_wconf 90' lang='lat' dir='ltr'><strong>precum</strong></span> <span class='ocrx_word' id='word_1_47' title='bbox 1111 1177 1163 1220; x_wconf 90' lang='lat' dir='ltr'><strong>so·</strong></span> 
     </span>
    </p>
   </div>
   <div class='ocr_carea' id='block_1_3' title="bbox 139 1270 1162 1472">
    <p class='ocr_par' dir='ltr' id='par_1_4' title="bbox 139 1270 1162 1472">
     <span class='ocr_line' id='line_1_9' title="bbox 140 1270 1162 1358; baseline 0.005 -29"><span class='ocrx_word' id='word_1_48' title='bbox 140 1270 228 1345; x_wconf 87' lang='lat' dir='ltr'><strong>ciam,</strong></span> <span class='ocrx_word' id='word_1_49' title='bbox 249 1293 289 1333; x_wconf 90' lang='lat' dir='ltr'><strong>ne</strong></span> <span class='ocrx_word' id='word_1_50' title='bbox 311 1273 565 1358; x_wconf 87' lang='lat' dir='ltr'><strong>propinquorum</strong></span> <span class='ocrx_word' id='word_1_51' title='bbox 586 1288 618 1339; x_wconf 92' lang='lat' dir='ltr'><strong>et</strong></span> <span class='ocrx_word' id='word_1_52' title='bbox 639 1275 790 1354; x_wconf 87' lang='lat' dir='ltr'><strong>affinium,</strong></span> <span class='ocrx_word' id='word_1_53' title='bbox 811 1274 946 1357; x_wconf 82' lang='lat' dir='ltr'><strong>denique</strong></span> <span class='ocrx_word' id='word_1_54' title='bbox 968 1273 1068 1354; x_wconf 89' lang='lat' dir='ltr'><strong>gentis</strong></span> <span class='ocrx_word' id='word_1_55' title='bbox 1087 1292 1162 1335; x_wconf 88' lang='lat' dir='ltr'><strong>suae</strong></span> 
     </span>
     <span class='ocr_line' id='line_1_10' title="bbox 139 1382 1162 1472; baseline 0.004 -28"><span class='ocrx_word' id='word_1_56' title='bbox 139 1382 281 1446; x_wconf 90' lang='lat' dir='ltr'><strong>desertor</strong></span> <span class='ocrx_word' id='word_1_57' title='bbox 302 1397 333 1447; x_wconf 86' lang='lat' dir='ltr'><strong>et</strong></span> <span class='ocrx_word' id='word_1_58' title='bbox 352 1387 497 1467; x_wconf 75' lang='lat' dir='ltr'><strong>proditor</strong></span> <span class='ocrx_word' id='word_1_59' title='bbox 516 1410 612 1472; x_wconf 87' lang='lat' dir='ltr'><strong>quam</strong></span> <span class='ocrx_word' id='word_1_60' title='bbox 633 1390 807 1472; x_wconf 87' lang='lat' dir='ltr'><strong>imperator</strong></span> <span class='ocrx_word' id='word_1_61' title='bbox 828 1408 896 1451; x_wconf 89' lang='lat' dir='ltr'><strong>esse</strong></span> <span class='ocrx_word' id='word_1_62' title='bbox 917 1389 1033 1450; x_wconf 90' lang='lat' dir='ltr'><strong>mallet.</strong></span> <span class='ocrx_word' id='word_1_63' title='bbox 1078 1387 1162 1448; x_wconf 83' lang='lat' dir='ltr'><strong>Pau·</strong></span> 
     </span>
    </p>
   </div>
   <div class='ocr_carea' id='block_1_4' title="bbox 117 1499 1257 4096">
    <p class='ocr_par' dir='ltr' id='par_1_5' title="bbox 139 1499 1257 2265">
     <span class='ocr_line' id='line_1_11' title="bbox 140 1499 1257 1591; baseline 0.004 -32"><span class='ocrx_word' id='word_1_64' title='bbox 140 1499 226 1561; x_wconf 90' lang='lat' dir='ltr'><strong>latim</strong></span> <span class='ocrx_word' id='word_1_65' title='bbox 246 1499 320 1563; x_wconf 90' lang='lat' dir='ltr'><strong>inde</strong></span> <span class='ocrx_word' id='word_1_66' title='bbox 342 1500 383 1564; x_wconf 89' lang='lat' dir='ltr'><strong>ad</strong></span> <span class='ocrx_word' id='word_1_67' title='bbox 401 1504 501 1585; x_wconf 81' lang='lat' dir='ltr'><strong>jurgia</strong></span> <span class='ocrx_word' id='word_1_68' title='bbox 521 1506 662 1587; x_wconf 78' lang='lat' dir='ltr'><strong>prolapsi</strong></span> <span class='ocrx_word' id='word_1_69' title='bbox 680 1526 745 1588; x_wconf 87' lang='lat' dir='ltr'><strong>quo</strong></span> <span class='ocrx_word' id='word_1_70' title='bbox 766 1506 872 1591; x_wconf 82' lang='lat' dir='ltr'><strong>miuus</strong></span> <span class='ocrx_word' id='word_1_71' title='bbox 893 1523 1032 1586; x_wconf 90' lang='lat' dir='ltr'><strong>pugnam</strong></span> <span class='ocrx_word' id='word_1_72' title='bbox 1054 1522 1163 1565; x_wconf 86' lang='lat' dir='ltr'><strong>conse·</strong></span> <span class='ocrx_word' id='word_1_73' title='bbox 1247 1533 1257 1544; x_wconf 93' lang='lat'>·</span> 
     </span>
     <span class='ocr_line' id='line_1_12' title="bbox 139 1614 1165 1699; baseline 0 -24"><span class='ocrx_word' id='word_1_74' title='bbox 139 1627 248 1676; x_wconf 88' lang='lat' dir='ltr'><strong>rerent</strong></span> <span class='ocrx_word' id='word_1_75' title='bbox 275 1636 315 1676; x_wconf 89' lang='lat' dir='ltr'><strong>ne</strong></span> <span class='ocrx_word' id='word_1_76' title='bbox 342 1614 473 1677; x_wconf 88' lang='lat' dir='ltr'><strong>flumine</strong></span> <span class='ocrx_word' id='word_1_77' title='bbox 502 1616 631 1699; x_wconf 82' lang='lat' dir='ltr'><strong>qttidem</strong></span> <span class='ocrx_word' id='word_1_78' title='bbox 658 1620 820 1694; x_wconf 71' lang='lat' dir='ltr'><strong>interiecto</strong></span> <span class='ocrx_word' id='word_1_79' title='bbox 851 1617 1097 1692; x_wconf 75' lang='lat' dir='ltr'><strong>cohibebantur,</strong></span> <span class='ocrx_word' id='word_1_80' title='bbox 1130 1615 1165 1675; x_wconf 91' lang='lat' dir='ltr'><strong>ni</strong></span> 
     </span>
     <span class='ocr_line' id='line_1_13' title="bbox 141 1728 1165 1813; baseline 0 -24"><span class='ocrx_word' id='word_1_81' title='bbox 141 1728 310 1810; x_wconf 76' lang='lat' dir='ltr'><strong>Stertinius</strong></span> <span class='ocrx_word' id='word_1_82' title='bbox 338 1749 503 1792; x_wconf 83' lang='lat' dir='ltr'><strong>accttrrens</strong></span> <span class='ocrx_word' id='word_1_83' title='bbox 531 1732 661 1812; x_wconf 88' lang='lat' dir='ltr'><strong>plenum</strong></span> <span class='ocrx_word' id='word_1_84' title='bbox 691 1733 776 1809; x_wconf 88' lang='lat' dir='ltr'><strong>irae,</strong></span> <span class='ocrx_word' id='word_1_85' title='bbox 809 1751 958 1813; x_wconf 90' lang='lat' dir='ltr'><strong>armaque</strong></span> <span class='ocrx_word' id='word_1_86' title='bbox 986 1741 1018 1791; x_wconf 92' lang='lat' dir='ltr'><strong>et</strong></span> <span class='ocrx_word' id='word_1_87' title='bbox 1047 1749 1165 1811; x_wconf 89' lang='lat' dir='ltr'><strong>equum</strong></span> 
     </span>
     <span class='ocr_line' id='line_1_14' title="bbox 142 1842 1165 1923; baseline -0.001 -19"><span class='ocrx_word' id='word_1_88' title='bbox 142 1853 322 1923; x_wconf 86' lang='lat' dir='ltr'><strong>poscentem</strong></span> <span class='ocrx_word' id='word_1_89' title='bbox 339 1842 475 1907; x_wconf 83' lang='lat' dir='ltr'><strong>Flavum</strong></span> <span class='ocrx_word' id='word_1_90' title='bbox 496 1846 680 1908; x_wconf 72' lang='lat' dir='ltr'><strong>attinuisset.</strong></span> <span class='ocrx_word' id='word_1_91' title='bbox 723 1844 922 1908; x_wconf 88' lang='lat' dir='ltr'><strong>Cernebatur</strong></span> <span class='ocrx_word' id='word_1_92' title='bbox 942 1856 1051 1907; x_wconf 74' lang='lat' dir='ltr'><strong>sonna</strong></span> <span class='ocrx_word' id='word_1_93' title='bbox 1071 1843 1165 1904; x_wconf 83' lang='lat' dir='ltr'><strong>mini·</strong></span> 
     </span>
     <span class='ocr_line' id='line_1_15' title="bbox 143 1956 1165 2045; baseline 0 -28"><span class='ocrx_word' id='word_1_94' title='bbox 143 1956 301 2019; x_wconf 89' lang='lat' dir='ltr'><strong>tabundus</strong></span> <span class='ocrx_word' id='word_1_95' title='bbox 324 1959 485 2021; x_wconf 80' lang='lat' dir='ltr'><strong>Arminius</strong></span> <span class='ocrx_word' id='word_1_96' title='bbox 509 1962 731 2045; x_wconf 89' lang='lat' dir='ltr'><strong>proeliumque</strong></span> <span class='ocrx_word' id='word_1_97' title='bbox 757 1959 956 2023; x_wconf 85' lang='lat' dir='ltr'><strong>denuntians.</strong></span> <span class='ocrx_word' id='word_1_98' title='bbox 1004 1978 1078 2019; x_wconf 87' lang='lat' dir='ltr'><strong>nam</strong></span> <span class='ocrx_word' id='word_1_99' title='bbox 1098 1958 1165 2039; x_wconf 89' lang='lat' dir='ltr'><strong>ple·</strong></span> 
     </span>
     <span class='ocr_line' id='line_1_16' title="bbox 142 2070 1164 2157; baseline 0.003 -28"><span class='ocrx_word' id='word_1_100' title='bbox 142 2090 243 2152; x_wconf 90' lang='lat' dir='ltr'><strong>raque</strong></span> <span class='ocrx_word' id='word_1_101' title='bbox 272 2071 370 2133; x_wconf 89' lang='lat' dir='ltr'><strong>latino</strong></span> <span class='ocrx_word' id='word_1_102' title='bbox 400 2092 544 2136; x_wconf 89' lang='lat' dir='ltr'><strong>sermone</strong></span> <span class='ocrx_word' id='word_1_103' title='bbox 571 2074 805 2152; x_wconf 85' lang='lat' dir='ltr'><strong>interjaciebat‚</strong></span> <span class='ocrx_word' id='word_1_104' title='bbox 839 2085 875 2136; x_wconf 88' lang='lat' dir='ltr'><strong>ut</strong></span> <span class='ocrx_word' id='word_1_105' title='bbox 896 2072 952 2157; x_wconf 85' lang='lat' dir='ltr'><strong>qui</strong></span> <span class='ocrx_word' id='word_1_106' title='bbox 972 2071 1110 2135; x_wconf 88' lang='lat' dir='ltr'><strong>romanis</strong></span> <span class='ocrx_word' id='word_1_107' title='bbox 1129 2070 1164 2132; x_wconf 93' lang='lat' dir='ltr'><strong>in</strong></span> 
     </span>
     <span class='ocr_line' id='line_1_17' title="bbox 143 2182 804 2265; baseline 0.009 -21"><span class='ocrx_word' id='word_1_108' title='bbox 143 2184 251 2245; x_wconf 85' lang='lat' dir='ltr'><strong>castris</strong></span> <span class='ocrx_word' id='word_1_109' title='bbox 273 2182 386 2247; x_wconf 88' lang='lat' dir='ltr'><strong>ductor</strong></span> <span class='ocrx_word' id='word_1_110' title='bbox 405 2188 607 2265; x_wconf 88' lang='lat' dir='ltr'><strong>popularium</strong></span> <span class='ocrx_word' id='word_1_111' title='bbox 628 2189 804 2250; x_wconf 89' lang='lat' dir='ltr'><strong>meruisset.</strong></span> 
     </span>
    </p>

    <p class='ocr_par' dir='ltr' id='par_1_6' title="bbox 142 2295 1247 2836">
     <span class='ocr_line' id='line_1_18' title="bbox 228 2295 1247 2377; baseline -0.005 -17"><span class='ocrx_word' id='word_1_112' title='bbox 228 2299 358 2361; x_wconf 85' lang='lat' dir='ltr'><strong>Postero</strong></span> <span class='ocrx_word' id='word_1_113' title='bbox 380 2296 431 2360; x_wconf 91' lang='lat' dir='ltr'><strong>die</strong></span> <span class='ocrx_word' id='word_1_114' title='bbox 452 2298 684 2363; x_wconf 81' lang='lat' dir='ltr'><strong>Germanorum</strong></span> <span class='ocrx_word' id='word_1_115' title='bbox 706 2301 787 2363; x_wconf 88' lang='lat' dir='ltr'><strong>acies</strong></span> <span class='ocrx_word' id='word_1_116' title='bbox 812 2313 899 2363; x_wconf 88' lang='lat' dir='ltr'><strong>trans</strong></span> <span class='ocrx_word' id='word_1_117' title='bbox 920 2295 1082 2377; x_wconf 80' lang='lat' dir='ltr'><strong>Visurgim</strong></span> <span class='ocrx_word' id='word_1_118' title='bbox 1101 2305 1247 2368; x_wconf 63' lang='lat' dir='ltr'><strong>ste-211</strong></span> 
     </span>
     <span class='ocr_line' id='line_1_19' title="bbox 142 2408 1165 2495; baseline -0.002 -23"><span class='ocrx_word' id='word_1_119' title='bbox 142 2411 190 2472; x_wconf 88' lang='lat' dir='ltr'><strong>tit.</strong></span> <span class='ocrx_word' id='word_1_120' title='bbox 233 2433 338 2473; x_wconf 90' lang='lat' dir='ltr'><strong>caesar</strong></span> <span class='ocrx_word' id='word_1_121' title='bbox 358 2411 420 2473; x_wconf 87' lang='lat' dir='ltr'><strong>nisi</strong></span> <span class='ocrx_word' id='word_1_122' title='bbox 440 2414 590 2492; x_wconf 89' lang='lat' dir='ltr'><strong>pontibus</strong></span> <span class='ocrx_word' id='word_1_123' title='bbox 610 2414 836 2495; x_wconf 83' lang='lat' dir='ltr'><strong>praesidiisque</strong></span> <span class='ocrx_word' id='word_1_124' title='bbox 857 2413 1012 2492; x_wconf 86' lang='lat' dir='ltr'><strong>impositis</strong></span> <span class='ocrx_word' id='word_1_125' title='bbox 1033 2408 1108 2471; x_wconf 89' lang='lat' dir='ltr'><strong>dare</strong></span> <span class='ocrx_word' id='word_1_126' title='bbox 1130 2409 1165 2470; x_wconf 88' lang='lat' dir='ltr'><strong>in</strong></span> 
     </span>
     <span class='ocr_line' id='line_1_20' title="bbox 144 2523 1164 2606; baseline -0.002 -22"><span class='ocrx_word' id='word_1_127' title='bbox 144 2523 311 2584; x_wconf 85' lang='lat' dir='ltr'><strong>discrimen</strong></span> <span class='ocrx_word' id='word_1_128' title='bbox 340 2525 479 2603; x_wconf 83' lang='lat' dir='ltr'><strong>legiones</strong></span> <span class='ocrx_word' id='word_1_129' title='bbox 515 2524 600 2586; x_wconf 91' lang='lat' dir='ltr'><strong>haud</strong></span> <span class='ocrx_word' id='word_1_130' title='bbox 635 2525 872 2606; x_wconf 87' lang='lat' dir='ltr'><strong>imperatorium</strong></span> <span class='ocrx_word' id='word_1_131' title='bbox 907 2538 994 2585; x_wconf 90' lang='lat' dir='ltr'><strong>ratus</strong></span> <span class='ocrx_word' id='word_1_132' title='bbox 1027 2524 1164 2604; x_wconf 85' lang='lat' dir='ltr'><strong>equitem</strong></span> 
     </span>
     <span class='ocr_line' id='line_1_21' title="bbox 144 2637 1165 2721; baseline -0.004 -19"><span class='ocrx_word' id='word_1_133' title='bbox 144 2637 224 2702; x_wconf 84' lang='lat' dir='ltr'><strong>vado</strong></span> <span class='ocrx_word' id='word_1_134' title='bbox 244 2637 393 2703; x_wconf 84' lang='lat' dir='ltr'><strong>tramittit.</strong></span> <span class='ocrx_word' id='word_1_135' title='bbox 435 2640 600 2721; x_wconf 87' lang='lat' dir='ltr'><strong>praefuere</strong></span> <span class='ocrx_word' id='word_1_136' title='bbox 620 2637 788 2703; x_wconf 84' lang='lat' dir='ltr'><strong>Stertinius</strong></span> <span class='ocrx_word' id='word_1_137' title='bbox 809 2653 841 2702; x_wconf 88' lang='lat' dir='ltr'><strong>et</strong></span> <span class='ocrx_word' id='word_1_138' title='bbox 862 2662 879 2702; x_wconf 89' lang='lat' dir='ltr'><strong>e</strong></span> <span class='ocrx_word' id='word_1_139' title='bbox 902 2658 1034 2700; x_wconf 90' lang='lat' dir='ltr'><strong>numero</strong></span> <span class='ocrx_word' id='word_1_140' title='bbox 1055 2637 1165 2718; x_wconf 89' lang='lat' dir='ltr'><strong>primi·</strong></span> 
     </span>
     <span class='ocr_line' id='line_1_22' title="bbox 143 2754 1166 2836; baseline -0.003 -20"><span class='ocrx_word' id='word_1_141' title='bbox 143 2756 290 2836; x_wconf 79' lang='lat' dir='ltr'><strong>pilonium</strong></span> <span class='ocrx_word' id='word_1_142' title='bbox 319 2755 490 2835; x_wconf 81' lang='lat' dir='ltr'><strong>Aemilius,</strong></span> <span class='ocrx_word' id='word_1_143' title='bbox 520 2754 707 2818; x_wconf 90' lang='lat' dir='ltr'><strong>distantibus</strong></span> <span class='ocrx_word' id='word_1_144' title='bbox 735 2756 813 2820; x_wconf 88' lang='lat' dir='ltr'><strong>locis</strong></span> <span class='ocrx_word' id='word_1_145' title='bbox 843 2755 958 2818; x_wconf 87' lang='lat' dir='ltr'><strong>invecti</strong></span> <span class='ocrx_word' id='word_1_146' title='bbox 986 2766 1023 2815; x_wconf 91' lang='lat' dir='ltr'><strong>ut</strong></span> <span class='ocrx_word' id='word_1_147' title='bbox 1042 2754 1166 2816; x_wconf 89' lang='lat' dir='ltr'><strong>hostem</strong></span> 
     </span>
    </p>

    <p class='ocr_par' dir='ltr' id='par_1_7' title="bbox 117 2867 1167 4096">
     <span class='ocr_line' id='line_1_23' title="bbox 117 2867 1167 2951; baseline -0.001 -20"><span class='ocrx_word' id='word_1_148' title='bbox 117 2867 339 2932; x_wconf 76' lang='lat' dir='ltr'><strong>&#39;diducerent</strong></span> <span class='ocrx_word' id='word_1_149' title='bbox 388 2867 461 2945; x_wconf 85' lang='lat' dir='ltr'><strong>Qua</strong></span> <span class='ocrx_word' id='word_1_150' title='bbox 490 2871 670 2934; x_wconf 80' lang='lat' dir='ltr'><strong>celerrimus</strong></span> <span class='ocrx_word' id='word_1_151' title='bbox 700 2874 820 2951; x_wconf 87' lang='lat' dir='ltr'><strong>amnis,</strong></span> <span class='ocrx_word' id='word_1_152' title='bbox 856 2869 1066 2934; x_wconf 84' lang='lat' dir='ltr'><strong>Chariovalda</strong></span> <span class='ocrx_word' id='word_1_153' title='bbox 1099 2867 1167 2931; x_wconf 83' lang='lat' dir='ltr'><strong>dux</strong></span> 
     </span>
     <span class='ocr_line' id='line_1_24' title="bbox 145 2981 1165 3066; baseline -0.002 -21"><span class='ocrx_word' id='word_1_154' title='bbox 145 2986 337 3047; x_wconf 85' lang='lat' dir='ltr'><strong>Batavorum</strong></span> <span class='ocrx_word' id='word_1_155' title='bbox 364 2986 480 3066; x_wconf 89' lang='lat' dir='ltr'><strong>erupit.</strong></span> <span class='ocrx_word' id='word_1_156' title='bbox 524 3006 596 3046; x_wconf 88' lang='lat' dir='ltr'><strong>eum</strong></span> <span class='ocrx_word' id='word_1_157' title='bbox 616 2984 770 3048; x_wconf 80' lang='lat' dir='ltr'><strong>Cherusci</strong></span> <span class='ocrx_word' id='word_1_158' title='bbox 791 2987 897 3065; x_wconf 83' lang='lat' dir='ltr'><strong>fugam</strong></span> <span class='ocrx_word' id='word_1_159' title='bbox 924 2985 1105 3046; x_wconf 87' lang='lat' dir='ltr'><strong>simulantes</strong></span> <span class='ocrx_word' id='word_1_160' title='bbox 1131 2981 1165 3043; x_wconf 92' lang='lat' dir='ltr'><strong>in</strong></span> 
     </span>
     <span class='ocr_line' id='line_1_25' title="bbox 142 3100 1166 3184; baseline 0 -22"><span class='ocrx_word' id='word_1_161' title='bbox 142 3102 305 3184; x_wconf 84' lang='lat' dir='ltr'><strong>planitiem</strong></span> <span class='ocrx_word' id='word_1_162' title='bbox 332 3102 462 3164; x_wconf 86' lang='lat' dir='ltr'><strong>saltibus</strong></span> <span class='ocrx_word' id='word_1_163' title='bbox 489 3100 718 3181; x_wconf 73' lang='lat' dir='ltr'><strong>cncuujecum</strong></span> <span class='ocrx_word' id='word_1_164' title='bbox 739 3110 884 3167; x_wconf 83' lang='lat' dir='ltr'><strong>traxere:</strong></span> <span class='ocrx_word' id='word_1_165' title='bbox 916 3101 990 3163; x_wconf 86' lang='lat' dir='ltr'><strong>dein</strong></span> <span class='ocrx_word' id='word_1_166' title='bbox 1012 3100 1114 3164; x_wconf 89' lang='lat' dir='ltr'><strong>coorti</strong></span> <span class='ocrx_word' id='word_1_167' title='bbox 1135 3108 1166 3162; x_wconf 90' lang='lat' dir='ltr'><strong>et</strong></span> 
     </span>
     <span class='ocr_line' id='line_1_26' title="bbox 145 3214 1165 3302; baseline -0.002 -21"><span class='ocrx_word' id='word_1_168' title='bbox 145 3217 285 3302; x_wconf 88' lang='lat' dir='ltr'><strong>undique</strong></span> <span class='ocrx_word' id='word_1_169' title='bbox 305 3218 399 3282; x_wconf 76' lang='lat' dir='ltr'><strong>efflusi</strong></span> <span class='ocrx_word' id='word_1_170' title='bbox 419 3214 551 3281; x_wconf 90' lang='lat' dir='ltr'><strong>trudunt</strong></span> <span class='ocrx_word' id='word_1_171' title='bbox 570 3216 728 3297; x_wconf 67' lang='lat' dir='ltr'><strong>aduersos,</strong></span> <span class='ocrx_word' id='word_1_172' title='bbox 749 3219 866 3283; x_wconf 89' lang='lat' dir='ltr'><strong>instant</strong></span> <span class='ocrx_word' id='word_1_173' title='bbox 889 3218 1080 3297; x_wconf 86' lang='lat' dir='ltr'><strong>cedentibus,</strong></span> <span class='ocrx_word' id='word_1_174' title='bbox 1101 3217 1165 3281; x_wconf 85' lang='lat' dir='ltr'><strong>col·</strong></span> 
     </span>
     <span class='ocr_line' id='line_1_27' title="bbox 143 3333 1166 3418; baseline -0.003 -23"><span class='ocrx_word' id='word_1_175' title='bbox 143 3335 301 3416; x_wconf 87' lang='lat' dir='ltr'><strong>lectosque</strong></span> <span class='ocrx_word' id='word_1_176' title='bbox 321 3333 356 3394; x_wconf 84' lang='lat' dir='ltr'><strong>in</strong></span> <span class='ocrx_word' id='word_1_177' title='bbox 377 3336 487 3398; x_wconf 89' lang='lat' dir='ltr'><strong>orbem</strong></span> <span class='ocrx_word' id='word_1_178' title='bbox 508 3356 581 3417; x_wconf 92' lang='lat' dir='ltr'><strong>pars</strong></span> <span class='ocrx_word' id='word_1_179' title='bbox 604 3335 771 3416; x_wconf 86' lang='lat' dir='ltr'><strong>congressi,</strong></span> <span class='ocrx_word' id='word_1_180' title='bbox 793 3333 920 3418; x_wconf 89' lang='lat' dir='ltr'><strong>quidam</strong></span> <span class='ocrx_word' id='word_1_181' title='bbox 943 3334 1064 3397; x_wconf 81' lang='lat' dir='ltr'><strong>antinus</strong></span> <span class='ocrx_word' id='word_1_182' title='bbox 1089 3351 1166 3412; x_wconf 84' lang='lat' dir='ltr'><strong>pro·</strong></span> 
     </span>
     <span class='ocr_line' id='line_1_28' title="bbox 144 3443 1166 3512; baseline 0.002 -6"><span class='ocrx_word' id='word_1_183' title='bbox 144 3449 285 3506; x_wconf 88' lang='lat' dir='ltr'><strong>turbant.</strong></span> <span class='ocrx_word' id='word_1_184' title='bbox 335 3443 544 3510; x_wconf 81' lang='lat' dir='ltr'><strong>Chariovalda</strong></span> <span class='ocrx_word' id='word_1_185' title='bbox 574 3446 630 3510; x_wconf 91' lang='lat' dir='ltr'><strong>diu</strong></span> <span class='ocrx_word' id='word_1_186' title='bbox 662 3460 835 3511; x_wconf 89' lang='lat' dir='ltr'><strong>sustentata</strong></span> <span class='ocrx_word' id='word_1_187' title='bbox 867 3448 1004 3512; x_wconf 88' lang='lat' dir='ltr'><strong>hostium</strong></span> <span class='ocrx_word' id='word_1_188' title='bbox 1036 3445 1166 3510; x_wconf 83' lang='lat' dir='ltr'><strong>saevitia</strong></span> 
     </span>
     <span class='ocr_line' id='line_1_29' title="bbox 146 3558 1166 3641; baseline 0.003 -23"><span class='ocrx_word' id='word_1_189' title='bbox 146 3558 289 3618; x_wconf 91' lang='lat' dir='ltr'><strong>hortatus</strong></span> <span class='ocrx_word' id='word_1_190' title='bbox 318 3575 392 3619; x_wconf 87' lang='lat' dir='ltr'><strong>suos</strong></span> <span class='ocrx_word' id='word_1_191' title='bbox 417 3569 453 3619; x_wconf 92' lang='lat' dir='ltr'><strong>ut</strong></span> <span class='ocrx_word' id='word_1_192' title='bbox 482 3558 662 3640; x_wconf 83' lang='lat' dir='ltr'><strong>ingruentes</strong></span> <span class='ocrx_word' id='word_1_193' title='bbox 686 3573 825 3626; x_wconf 84' lang='lat' dir='ltr'><strong>catervas</strong></span> <span class='ocrx_word' id='word_1_194' title='bbox 852 3563 945 3641; x_wconf 92' lang='lat' dir='ltr'><strong>globo</strong></span> <span class='ocrx_word' id='word_1_195' title='bbox 976 3562 1166 3640; x_wconf 80' lang='lat' dir='ltr'><strong>frangerent,</strong></span> 
     </span>
     <span class='ocr_line' id='line_1_30' title="bbox 146 3670 1166 3757; baseline 0.001 -24"><span class='ocrx_word' id='word_1_196' title='bbox 146 3684 242 3755; x_wconf 87' lang='lat' dir='ltr'><strong>atque</strong></span> <span class='ocrx_word' id='word_1_197' title='bbox 272 3670 339 3753; x_wconf 91' lang='lat' dir='ltr'><strong>ipse</strong></span> <span class='ocrx_word' id='word_1_198' title='bbox 365 3671 399 3731; x_wconf 92' lang='lat' dir='ltr'><strong>in</strong></span> <span class='ocrx_word' id='word_1_199' title='bbox 432 3671 630 3738; x_wconf 88' lang='lat' dir='ltr'><strong>densissimos</strong></span> <span class='ocrx_word' id='word_1_200' title='bbox 659 3697 828 3757; x_wconf 89' lang='lat' dir='ltr'><strong>erumpens</strong></span> <span class='ocrx_word' id='word_1_201' title='bbox 858 3675 1008 3756; x_wconf 86' lang='lat' dir='ltr'><strong>congestis</strong></span> <span class='ocrx_word' id='word_1_202' title='bbox 1035 3674 1104 3736; x_wconf 90' lang='lat' dir='ltr'><strong>telis</strong></span> <span class='ocrx_word' id='word_1_203' title='bbox 1135 3683 1166 3734; x_wconf 92' lang='lat' dir='ltr'><strong>et</strong></span> 
     </span>
     <span class='ocr_line' id='line_1_31' title="bbox 147 3788 1165 3868; baseline 0 -18"><span class='ocrx_word' id='word_1_204' title='bbox 147 3788 282 3850; x_wconf 81' lang='lat' dir='ltr'><strong>suffosso</strong></span> <span class='ocrx_word' id='word_1_205' title='bbox 313 3805 396 3868; x_wconf 84' lang='lat' dir='ltr'><strong>equo</strong></span> <span class='ocrx_word' id='word_1_206' title='bbox 423 3788 541 3850; x_wconf 89' lang='lat' dir='ltr'><strong>labitur</strong></span> <span class='ocrx_word' id='word_1_207' title='bbox 569 3812 604 3853; x_wconf 85' lang='lat' dir='ltr'><strong>ac</strong></span> <span class='ocrx_word' id='word_1_208' title='bbox 631 3792 722 3853; x_wconf 90' lang='lat' dir='ltr'><strong>multi</strong></span> <span class='ocrx_word' id='word_1_209' title='bbox 743 3793 898 3855; x_wconf 86' lang='lat' dir='ltr'><strong>nobilium</strong></span> <span class='ocrx_word' id='word_1_210' title='bbox 918 3792 1016 3853; x_wconf 71' lang='lat' dir='ltr'><strong>anca:</strong></span> <span class='ocrx_word' id='word_1_211' title='bbox 1047 3801 1165 3852; x_wconf 89' lang='lat' dir='ltr'><strong>ceteros</strong></span> 
     </span>
     <span class='ocr_line' id='line_1_32' title="bbox 146 3900 1164 3989; baseline -0.004 -25"><span class='ocrx_word' id='word_1_212' title='bbox 146 3903 193 3964; x_wconf 84' lang='lat' dir='ltr'><strong>vis</strong></span> <span class='ocrx_word' id='word_1_213' title='bbox 214 3921 272 3964; x_wconf 88' lang='lat' dir='ltr'><strong>sua</strong></span> <span class='ocrx_word' id='word_1_214' title='bbox 290 3914 345 3963; x_wconf 90' lang='lat' dir='ltr'><strong>aut</strong></span> <span class='ocrx_word' id='word_1_215' title='bbox 366 3900 486 3984; x_wconf 89' lang='lat' dir='ltr'><strong>equites</strong></span> <span class='ocrx_word' id='word_1_216' title='bbox 508 3922 578 3965; x_wconf 88' lang='lat' dir='ltr'><strong>cnm</strong></span> <span class='ocrx_word' id='word_1_217' title='bbox 597 3900 744 3968; x_wconf 80' lang='lat' dir='ltr'><strong>Stertinio</strong></span> <span class='ocrx_word' id='word_1_218' title='bbox 762 3905 957 3989; x_wconf 86' lang='lat' dir='ltr'><strong>Aemilioque</strong></span> <span class='ocrx_word' id='word_1_219' title='bbox 975 3901 1164 3968; x_wconf 83' lang='lat' dir='ltr'><strong>subvenien-</strong></span> 
     </span>
     <span class='ocr_line' id='line_1_33' title="bbox 144 4015 553 4096; baseline 0.012 -21"><span class='ocrx_word' id='word_1_220' title='bbox 144 4028 190 4076; x_wconf 89' lang='lat' dir='ltr'><strong>tes</strong></span> <span class='ocrx_word' id='word_1_221' title='bbox 212 4015 350 4096; x_wconf 88' lang='lat' dir='ltr'><strong>periculo</strong></span> <span class='ocrx_word' id='word_1_222' title='bbox 372 4034 528 4080; x_wconf 85' lang='lat' dir='ltr'><strong>exemere.</strong></span> <span class='ocrx_word' id='word_1_223' title='bbox 551 4018 553 4023; x_wconf 73' lang='grc'><strong>’</strong></span> 
     </span>
    </p>
   </div>
   <div class='ocr_carea' id='block_1_5' title="bbox 0 0 1482 4625">
    <p class='ocr_par' dir='ltr' id='par_1_8' title="bbox 0 0 1482 4625">
     <span class='ocr_line' id='line_1_34' title="bbox 0 0 1482 4625; baseline 0 0"><span class='ocrx_word' id='word_1_224' title='bbox 0 0 1482 4625; x_wconf 95' lang='lat' dir='ltr'><strong> </strong></span> 
     </span>
    </p>
   </div>
  </div>
 </body>
</html>
