2934 4625
518 304 752 375 asuusun
972 287 975 293 ’
1103 306 1148 375 as

126 505 161 544 ac
183 492 295 564 torpor
315 501 499 564 procerum:
535 481 702 544 connubiis
722 478 828 545 mixtis
850 479 998 544 nonnihil
1016 478 1049 543 in
1072 478 1147 544 Sar-

125 608 280 657 matarum
299 596 443 657 habitum
464 594 643 658 foedantur.
694 595 811 659 Veneti
833 598 967 658 multum
988 617 1029 657 ex
1049 596 1148 659 mori·

124 712 184 773 bus
214 723 395 774 traxeruntt
426 733 500 772 nam
531 709 685 793 quidquid
711 710 796 773 inter
822 711 976 773 Peucinos
1005 710 1148 773 Fennos-

126 845 187 905 que
219 824 370 891 silvarum
401 845 437 886 ac
469 823 626 886 montium
656 825 801 905 erigitur,
840 822 1010 888 latrociniis
1039 843 1149 905 perer·

124 952 207 1001 rant.
262 940 307 1000 Hi
341 950 447 1001 tamen
482 938 566 1000 inter
603 938 777 1002 Germanos
815 938 919 1021 potius
955 942 1149 1022 referuntur,

128 1051 203 1132 quia
224 1064 255 1113 et
276 1050 386 1115 domos
414 1051 536 1130 fingunt
559 1062 589 1113 et
613 1063 701 1114 scuta
730 1063 853 1132 gestant
874 1063 905 1114 et
925 1052 1066 1134 peditum
1086 1076 1148 1117 usu

128 1187 162 1227 ac
193 1167 376 1246 pernicitate
404 1165 539 1246 gaudent
546 1190 554 1246 3
593 1189 674 1251 quae
706 1168 813 1230 omnia
843 1165 968 1231 diversa
998 1167 1148 1230 Sarmatis

126 1291 216 1357 sunt,
241 1279 273 1339 in
296 1282 437 1360 plaustro
461 1301 608 1364 equoque,
628 1281 818 1345 viventibus.
860 1280 979 1344 Fennis
1000 1282 1081 1344 mira
1102 1283 1148 1343 fe·

127 1392 218 1471 ritas,
246 1391 340 1455 foeda
360 1407 548 1476 paupertasz
582 1413 649 1455 non
670 1413 774 1471 armo,
804 1414 870 1456 non
892 1395 981 1477 equi,
1005 1415 1072 1458 non
1093 1415 1149 1476 pe·

128 1515 232 1590 nate&
265 1510 364 1576 victui
382 1513 491 1590 herba,
515 1512 641 1575 vestitui
661 1513 769 1593 pelles,
792 1512 893 1575 cubile
912 1513 1039 1574 humus.
1082 1512 1150 1575 sola

129 1627 163 1687 in
198 1627 316 1706 sagittis
348 1647 437 1707 spes,
474 1645 552 1707 quas
584 1626 692 1705 inopia
725 1625 804 1688 ferri
839 1627 961 1688 ossibus
994 1641 1150 1707 asperant.

129 1739 276 1823 idemque
304 1752 435 1802 venatus
461 1737 546 1801 viros
568 1736 688 1819 pariter
712 1759 747 1800 ac
774 1736 907 1801 feminas
929 1739 1000 1801 alit:
1035 1739 1151 1820 passim

130 1858 213 1920 enim
234 1854 423 1917 comitantur
444 1866 628 1936 partemque
649 1852 784 1935 praedae
807 1866 930 1936 petunt.
978 1853 1046 1918 Nec
1067 1854 1153 1918 aliud

130 1970 303 2034 infantibus
324 1972 463 2033 serarum
483 1970 697 2054 imbriumque
725 1970 914 2051 suffugium,
946 1992 1041 2054 quam
1061 1971 1152 2034 utin

130 2084 237 2167 aliquo
260 2105 423 2147 ramorum
450 2106 536 2147 nexu
559 2095 773 2164 contegantur.
820 2086 883 2146 huc
905 2082 1039 2148 redeunt
1061 2089 1152 2163 juve-

133 2218 204 2276 nes,
226 2200 287 2262 hoc
308 2219 419 2261 senum
440 2198 680 2280 receptaculum.
722 2196 787 2260 Sed
807 2197 930 2262 beatius
951 2201 1152 2280 arbitrantur,

124 2334 228 2399 qquam
248 2314 406 2393 ingemere
430 2313 518 2393 agris,
541 2311 720 2375 inlaborare
746 2308 902 2391 domibus,
925 2335 997 2377 suas
1019 2315 1152 2379 alienas·

133 2447 194 2509 que
215 2428 357 2488 fortunas
377 2447 432 2506 spe
453 2437 602 2507 metuque
621 2446 757 2492 versare.
799 2428 902 2488 securi
923 2426 1072 2492 adversus
1094 2430 1154 2492 ho·

133 2541 249 2618 mines,
280 2538 382 2600 securi
404 2535 552 2602 adversus
574 2535 667 2614 deos,
695 2557 763 2598 rem
788 2535 1003 2600 difficillimam
1023 2540 1155 2604 assecuti

134 2665 223 2732 sunt,
244 2665 281 2716 ut
301 2652 363 2714 illis
385 2672 425 2712 ne
446 2663 522 2717 voto
544 2649 672 2734 quidem
696 2671 777 2734 opus
800 2663 891 2715 esset.

220 2767 332 2831 Cetera
349 2770 413 2845 jam
434 2767 596 2829 fabulosa:
619 2766 778 2829 Hellusios
801 2779 831 2828 et
853 2763 995 2832 Oxionas
1018 2786 1074 2829 ora
1095 2765 1156 2830 ho·

134 2880 256 2944 minum
279 2882 465 2964 vultusque,
495 2899 629 2961 corpora
658 2892 750 2963 atque
772 2893 857 2944 artus
878 2881 1019 2943 ferarum
1039 2903 1157 2964 gerere.

136 2994 224 3078 quod
247 3015 303 3076 ego
326 3006 362 3058 ut
382 2981 613 3075 incompertum
633 2992 668 3055 in
691 2992 831 3056 medium
854 2995 1043 3079 relinquam.
