2934 4625
498 282 562 353 nx
584 282 824 354 HISTORIIS
1109 290 1170 356 101

146 452 273 518 advenit
293 452 510 537 proficiscendi
527 456 609 520 hora
630 454 862 539 exspectatione
882 455 1011 520 tristior.
1054 458 1170 542 quippe

144 569 228 631 intra
249 571 366 633 vallum
389 569 573 634 deformitas
596 569 683 633 haud
704 568 838 652 perinde
859 572 1022 634 notabilis:
1054 570 1172 635 detexit

145 684 348 766 ignominiam
364 706 493 765 campus
512 698 543 747 et
562 680 639 748 dies.
680 684 836 749 Retulsae
852 684 1079 769 imperatorum
1093 686 1171 748 ima·

145 799 250 881 gissa,
280 799 440 862 inhonora
468 801 573 881 signa,
605 802 797 881 fulgentibus
818 801 892 863 hinc
913 799 987 863 inde
1009 801 1170 864 Gallorum

145 913 287 976 vexillis:
315 914 411 975 silens
441 935 553 995 agmen
582 930 613 979 et
639 916 726 982 velut
749 916 862 997 longae
885 917 1063 1000 exsequiae.
1106 915 1172 979 dux

146 1025 298 1089 Claudius
319 1025 454 1089 Sanctus
475 1027 590 1091 effosso
613 1029 716 1104 oculo,
742 1024 830 1091 dirus
852 1049 917 1106 ore,
938 1028 1063 1109 ingenio
1084 1029 1172 1091 debi-

143 1142 215 1206 lior.
257 1144 447 1225 Duplicatur
467 1144 635 1225 flagitium,
661 1155 829 1227 postquam
852 1142 981 1208 desertis
1002 1143 1173 1208 bonnensi-

145 1256 206 1319 bus
228 1257 335 1319 castris
357 1260 454 1320 altera
475 1260 611 1339 relegio
633 1257 811 1322 miscuerat.
854 1258 894 1323 Et
919 1262 1046 1339 vulgata
1068 1271 1173 1341 capta·

145 1389 218 1431 rum
237 1373 398 1450 legIonum
426 1372 511 1435 fama
533 1374 639 1436 cuncti
660 1374 716 1457 qui
744 1374 842 1457 paulo
864 1387 935 1437 ante
956 1374 1173 1437 Romanorum

147 1501 264 1543 nomen
285 1484 459 1546 horrebant
479 1497 702 1565 procurrentes
726 1505 768 1547 ex
786 1471 869 1566 agris
888 1488 1037 1568 tectisque
1058 1497 1089 1548 et
1111 1507 1172 1547 un·

146 1594 244 1680 dique
258 1597 352 1660 effusi
369 1598 499 1660 insolito
518 1599 696 1679 spectaculo
712 1595 845 1659 nimium
859 1600 1056 1660 fruebantur.
1096 1596 1172 1658 Non

144 1713 221 1774 tulit
239 1711 288 1773 ala
309 1712 469 1793 picentina
494 1711 645 1792 gaudium
663 1710 845 1774 insultantis
865 1711 968 1791 vulgi,
998 1710 1171 1792 spretisque

146 1824 254 1887 Sancti
284 1824 448 1906 promissis
485 1836 539 1888 aut
570 1823 665 1887 minIs
694 1823 930 1904 Mogontiacum
968 1824 1100 1898 abeunt,
1136 1841 1170 1880 ac

144 1940 228 2002 forte
252 1940 348 2002 obvio
379 1939 582 2002 interfectore
610 1937 754 2002 Voculae
785 1935 931 2017 Longino
963 1934 1108 2012 conjectis
1136 1932 1169 1994 in

145 2074 218 2116 eum
247 2054 317 2115 telis
349 2051 475 2115 initium
497 2049 709 2115 exsolvendae
737 2049 772 2112 in
800 2063 963 2131 posterum
985 2049 1094 2129 culpae
1122 2047 1169 2109 fe·

144 2188 225 2229 cere.
266 2165 424 2247 Legiones
454 2164 535 2228 nihil
558 2177 679 2229 mutato
706 2164 820 2227 itinere
849 2175 921 2225 ante
943 2162 1067 2225 moenia
1089 2163 1168 2224 Tre·

142 2302 293 2347 verorum
314 2279 492 2345 considunt.

233 2393 343 2458 Civilis
363 2406 395 2456 et
414 2393 569 2456 Classicus
598 2394 696 2455 rebus
718 2390 863 2468 secundis
884 2392 999 2453 sublati
1019 2408 1059 2451 an
1081 2392 1167 2452 colo·
1179 2397 1250 2462 hta

144 2508 231 2570 niam
260 2508 513 2589 agrippinensem
546 2503 755 2586 diripiendam
778 2505 975 2575 {exercitibus
1004 2502 1069 2563 suis
1094 2524 1167 2581 per·

143 2622 303 2684 mitterent
323 2619 516 2682 dubitavere.
559 2617 688 2681 saevitia
706 2616 845 2697 ingenita
864 2628 895 2678 et
913 2613 1059 2697 cupidine
1075 2633 1168 2694 prae·

144 2735 203 2799 dae
232 2735 272 2800 ad
296 2734 453 2798 excidium
484 2733 618 2798 civitatis
648 2733 864 2794 trahebantur.
914 2730 1058 2793 obstabat
1085 2728 1167 2791 ratio

143 2852 220 2914 belli
244 2863 275 2913 et
296 2870 417 2915 novum
439 2847 608 2930 Imperium
631 2842 856 2906 inchoantibus
877 2843 963 2906 utiIIs
987 2839 1166 2904 clementiae

146 2948 239 3029 fama.
294 2964 428 3029 Civilem
457 2963 549 3024 etiam
580 2956 725 3021 beneficii
755 2955 908 3018 memoria
939 2955 1045 3030 flexit,
1081 2951 1168 3034 quod

145 3082 245 3144 lilium
269 3083 336 3156 ejus
356 3079 461 3160 primo
491 3095 599 3138 rerum
626 3084 717 3136 motu
746 3072 779 3134 in
807 3072 931 3136 colonia
957 3070 1169 3152 agrippinensi

145 3192 377 3275 deprehensum
401 3192 557 3252 honorate
580 3186 803 3251 custodierant
852 3184 907 3249 sed
934 3183 1168 3249 transrhenanis
1211 3195 1217 3201 '

145 3306 288 3385 gentihus
311 3303 414 3368 invisa
435 3303 544 3365 civitas
565 3299 728 3381 opulentia
749 3311 924 3382 auctaque:
948 3320 1052 3383 neque
1073 3301 1169 3361 alium

147 3417 244 3478 finem
264 3417 340 3480 belli
359 3419 513 3480 rebantur
536 3438 631 3498 quam
653 3416 680 3477 si
698 3412 877 3495 promiscua
900 3434 937 3475 ea
958 3412 1047 3478 sedes
1069 3415 1170 3477 omni·

146 3531 208 3592 bus
222 3528 388 3591 Germanis
403 3531 485 3591 foret
498 3542 552 3591 aut
566 3526 693 3605 disjecta
705 3526 807 3590 Ubios
822 3545 949 3609 quoque
965 3524 1169 3607 dispersisset.

236 3642 335 3723 Igitur
356 3643 503 3705 Tencteri
523 3641 636 3703 Rheno
659 3639 792 3703 discreta
813 3659 906 3720 gens,
940 3639 1041 3702 missis
1063 3638 1169 3720 legatis
1184 3640 1254 3703 4‚64

148 3755 297 3821 mandata
335 3754 419 3839 apud
454 3755 621 3820 concilium
651 3755 927 3839 Agrippinensium
967 3754 1018 3816 edi
1050 3757 1170 3832 jubent,

151 3895 231 3958 quae
260 3871 473 3935 ferocissimus
503 3893 520 3934 e
548 3874 658 3955 legatis
688 3874 723 3934 in
757 3876 842 3935 hunc
871 3868 998 3933 modum
1029 3867 1172 3950 protulit.

151 3986 280 4050 ‘redisse
308 4007 365 4050 vos
389 3988 421 4048 in
454 4006 568 4068 corpus
592 4005 772 4070 nomenque
793 3982 978 4048 Germaniae
1000 3977 1172 4058 communi-
