2934 4625
498 238 560 307 EX
582 236 819 307 HISTORIIS
1125 240 1169 305 69

152 412 255 477 oceno
283 411 410 476 Nerone
438 411 605 475 translatus
633 409 668 472 in
695 408 828 472 Galbam
857 421 950 493 atque
978 410 1013 471 in
1039 430 1077 473 eo
1098 412 1168 493 ipso

150 538 344 589 sacramento
364 524 486 591 vexillis
504 524 663 588 inferioris
681 524 868 591 Germaniae
886 535 1076 608 praeventus
1094 538 1170 588 erat.

149 642 190 704 Et
211 642 343 706 Treveri
366 663 403 705 ac
430 642 605 723 Lingones,
633 662 774 726 quasque
797 643 872 705 alias
893 642 1031 707 civitates
1056 643 1170 706 suoci-

150 756 209 817 bus
235 755 343 819 edictis
369 768 423 819 aut
444 754 560 820 damno
585 754 696 821 finium
718 756 819 821 Galba
839 760 1030 840 perculerat,
1062 757 1170 818 hiber·

148 868 198 931 nis
225 869 385 950 legionum
413 868 545 951 propius
573 869 762 932 miscentur:
794 867 878 932 unde
900 868 1045 934 seditiosa
1071 870 1168 933 collo-

148 983 223 1063 quia
243 995 275 1046 et
294 983 379 1045 inter
398 1004 537 1067 paganos
557 985 738 1068 corruptior
757 985 857 1063 miles,
878 997 910 1047 et
928 987 962 1047 iu
981 982 1166 1063 Verginium

146 1093 240 1158 favor
263 1096 437 1178 cuicunque
459 1096 512 1158 alii
531 1099 730 1179 profuturus.

230 1209 361 1272 Miserat
388 1210 495 1274 civitas
517 1210 698 1292 Lingonum
719 1224 825 1276 vetere
850 1209 990 1273 instituto
1017 1207 1100 1272 dona
1120 1210 1166 1271 le·
1181 1208 1250 1271 ¹2⁶4

144 1319 300 1400 giombus,
318 1319 454 1399 dextras,
470 1322 599 1405 hospitii
615 1324 748 1405 insigne.
787 1324 882 1404 legati
898 1344 1008 1386 eorum
1021 1322 1055 1383 in
1072 1343 1165 1405 squa-

143 1436 245 1497 lorem
267 1437 516 1521 moestitiamque
540 1438 705 1521 compositi
732 1459 791 1519 per
816 1437 987 1520 principia,
1010 1457 1068 1520 per
1089 1456 1164 1499 con·

143 1551 291 1614 tubernia
310 1549 407 1615 modo
427 1573 500 1614 suas
520 1554 669 1631 injurias,
691 1553 787 1617 modo
808 1555 984 1618 vicinarum
1006 1555 1169 1617 civitatum.

142 1664 301 1744 praemia,
335 1676 367 1725 et
392 1665 448 1727 ubi
472 1667 582 1746 pronis
608 1667 745 1730 militum
775 1667 903 1731 auribus
934 1668 1166 1748 accipiebantur

140 1776 240 1859 ipsios
271 1778 427 1841 exercitus
460 1780 603 1862 pericula
634 1792 665 1843 et
700 1781 904 1845 contumelias
936 1791 1165 1863 conquerentes

140 1890 352 1955 accendebant
360 1881 498 1955 animos(
534 1891 602 1955 Nae
612 1894 724 1974 procul
738 1890 892 1955 seditione
906 1893 1047 1970 aberant,
1065 1910 1165 1975 quum

139 2005 342 2068 Hordeonius
358 2007 488 2071 Flaccus
508 2006 595 2073 abire
610 2008 740 2087 legatos,
762 2019 861 2090 utque
880 2006 1033 2069 occultior
1048 2003 1162 2084 digres-

138 2138 191 2181 sus
213 2130 294 2182 esset
314 2132 408 2185 nocte
431 2120 539 2184 castris
567 2118 718 2183 excedere
746 2121 845 2198 jubet.
895 2117 974 2181 Inda
995 2130 1087 2181 atrox
1107 2137 1163 2180 ru-

137 2256 208 2299 mor
227 2236 456 2300 affirmantibus
475 2237 635 2322 plerisque
656 2236 848 2314 interfectos,
869 2256 904 2297 ac
927 2234 987 2297 nisi
1007 2234 1069 2317 ipsi
1088 2252 1163 2297 eon-

136 2350 279 2412 sulerent
295 2350 364 2411 fore
382 2361 420 2412 ut
435 2350 580 2412 acerrimi
595 2349 729 2411 miiitum
753 2361 785 2412 et
804 2349 980 2431 praesentia
999 2344 1165 2430 conquesti

135 2481 195 2543 per
214 2461 361 2523 tenebras
383 2473 415 2523 et
435 2461 590 2524 inscitiam
617 2475 795 2524 ceterorum
823 2460 1050 2525 occiderentur.
1095 2458 1162 2525 Ob-

135 2576 334 2657 stringtmtur
352 2575 436 2639 inter
457 2597 491 2638 se
512 2579 605 2640 tacito
628 2574 757 2639 foedere
780 2575 930 2655 legiones.
981 2575 1162 2637 adsciscitur

83 2774 85 2777 ι
135 2692 327 2756 auxiliorum
353 2694 443 2754 miles
468 2695 572 2774 primo
595 2706 758 2774 suspectus
783 2703 933 2775 tanquam
964 2688 1161 2754 circumdatis

136 2806 319 2870 cohortibus
340 2807 461 2890 alisque
482 2809 617 2890 impetus
643 2808 677 2868 in
707 2806 846 2887 legiones
872 2817 1054 2888 pararetur,
1085 2824 1162 2866 mox

135 2918 246 2983 eadem
269 2918 371 2982 acrius
392 2922 532 2996 volvens,
556 2919 697 2981 faciliore
719 2920 804 2980 iuter
825 2920 924 2981 malos
947 2937 1100 2981 consensu
1121 2913 1161 2975 ad

134 3034 268 3111 bellum,
290 3054 385 3116 quam
405 3032 441 3094 in
464 3053 540 3113 pace
563 3032 603 3094 sd
627 3032 838 3097 concordiam.

217 3146 381 3209 Inferioris
404 3158 508 3208 tamen
530 3145 718 3209 Germaniae
746 3147 885 3226 legiones
913 3145 1037 3209 solenni
1057 3146 1160 3207 calen-
1173 3162 1198 3225 1,
1207 3161 1242 3213 ds

133 3259 245 3324 darum
264 3262 479 3340 januariarum
501 3272 695 3325 sacramento
711 3282 771 3344 pro
795 3262 897 3326 Galba
916 3260 1043 3325 adactae
1061 3263 1159 3323 multa

134 3377 344 3453 cunctatione,
365 3388 396 3438 et
416 3375 497 3440 ruris
516 3378 693 3458 primorum
716 3374 865 3440 ordinum
886 3377 1036 3457 vocibus3
1065 3378 1160 3439 ceteri

132 3486 258 3548 silentio
287 3489 424 3569 proximi
452 3493 605 3573 cujusque
630 3491 794 3554 audaciam
824 3504 1038 3573 exspectantes
1063 3493 1159 3554 insita

131 3602 318 3664 mortalibus
346 3614 458 3665 natura
487 3625 623 3688 propere
652 3605 743 3688 sequi
773 3624 856 3688 quae
886 3605 971 3686 piget
997 3605 1159 3668 inchoare.

131 3715 194 3781 Sed
221 3718 298 3799 ipsis
326 3717 502 3797 legionibus
530 3722 634 3783 inerat
661 3719 823 3784 diversitas
855 3720 1047 3784 animorum.⁸
1089 3719 1155 3800 pri·

130 3830 214 3892 mani
236 3832 442 3914 quintanique
464 3833 583 3896 turbidi
606 3832 695 3911 odeo,
717 3847 754 3896 ut
775 3831 903 3918 quidam
923 3855 1000 3897 saxa
1021 3835 1056 3896 in
1079 3834 1153 3895 Gal·

130 3947 188 4007 bae
209 3946 360 4027 imagines
380 3951 528 4026 jecerint:
562 3952 673 4034 quinta
698 3949 829 4014 decuma
858 3972 893 4012 ac
915 3961 1004 4013 sexta
1025 3945 1153 4008 decuma
