2934 4625
469 271 531 339 ΒΧ
553 268 790 338 HISTORIIS

430 670 501 742 EX
535 667 836 743 HISTORIIS.

131 969 134 976 ,
203 915 247 1002 (a.
270 912 326 1001 69)
355 927 483 980 coortae
508 914 544 978 in
574 934 634 978 nos
663 912 877 977 Sarmatarum
907 935 941 977 ac
967 912 1210 979 suaseramus

120 1045 239 1115 gentes.
841 1029 843 1032 ’

207 1143 250 1230 (a.
270 1140 326 1228 69)
351 1142 529 1207 Germanici
542 1145 717 1223 exercitus,
742 1141 829 1227 quod
849 1141 1145 1226 periculosissimum
1160 1146 1212 1207 1,θ

119 1258 155 1320 in
187 1260 281 1322 tantis
313 1260 449 1339 viribus,
485 1262 610 1325 solliciti
641 1274 673 1324 et
702 1260 793 1324 irati:
832 1257 980 1342 superbia
1014 1261 1147 1323 recentis

118 1370 268 1435 uictoriae
290 1384 321 1433 et
340 1385 439 1435 metus
459 1385 609 1458 tanquam
633 1373 709 1437 alias
728 1385 834 1456 partes
854 1374 1016 1438 fovismnt.
1057 1371 1146 1436 tarde

120 1506 142 1546 a
161 1484 289 1548 Nerone
312 1483 525 1569 desciverant,
550 1507 609 1549 nec
630 1486 733 1551 statim
758 1508 818 1569 pro
842 1487 945 1551 Galba
967 1486 1148 1567 Verginius.

121 1622 162 1662 an
184 1600 340 1682 imperare
361 1602 512 1664 voluisset
538 1600 691 1665 dubium:
721 1600 860 1664 delatum
880 1602 910 1664 ei
930 1623 950 1663 a
970 1603 1068 1665 milite
1088 1602 1148 1663 im·

121 1717 249 1800 perium
263 1717 481 1782 conveniebat.
522 1716 550 1780 F
550 1720 691 1796 ontejum
705 1714 891 1797 Capitonem
904 1717 1042 1780 ocenum
1056 1716 1149 1776 etiam

121 1834 180 1916 qui
200 1831 293 1916 queri
317 1851 385 1894 non
406 1843 553 1913 poterant
581 1843 687 1894 tamen
709 1827 967 1910 indignabantur.
1007 1826 1075 1890 dux
1095 1826 1150 1889 de·

123 1959 192 2008 erat
210 1946 345 2009 abducto
361 1943 514 2025 Verginio
535 1964 595 2026 per
617 1942 848 2007 simulationem
871 1941 1033 2035 amicitiae,
1055 1961 1150 2024 quem

121 2082 189 2124 non
210 2060 343 2137 remitti,
371 2069 466 2144 atque
487 2059 580 2125 etiam
600 2080 691 2124 reum
712 2078 780 2122 esse
799 2072 950 2141 tanquam
971 2077 1065 2120 suum
1089 2056 1150 2117 cri·

123 2196 197 2239 mon
217 2174 422 2256 accipiebant.

209 2286 364 2370 Superior
397 2283 551 2350 exercitus
582 2285 717 2365 legatum
750 2282 971 2349 Hordeonium
1002 2282 1148 2348 Flaccum
1165 2309 1214 2370 1‚9

123 2404 309 2484 spernebat,
338 2412 462 2462 senecta
486 2419 522 2458 ac
544 2395 703 2461 debilitate
722 2396 842 2476 pedum
862 2396 1053 2475 invalidum,
1081 2401 1148 2460 sine

124 2511 308 2588 constantia,
330 2509 397 2572 sine
415 2507 614 2571 auctoritate:
637 2527 678 2568 ne
700 2505 808 2588 quieto
830 2508 957 2590 quidem
980 2511 1077 2572 milite
1097 2531 1149 2570 re-

123 2628 245 2706 gimen,
278 2620 357 2687 adeo
382 2623 523 2685 furentes
548 2617 727 2682 infirmitate
750 2620 912 2685 retinentis
933 2625 1018 2685 ultro
1041 2644 1150 2687 accen·

126 2739 293 2802 debanutr.
350 2733 514 2798 Inferioris
547 2732 735 2795 Germaniae
766 2734 903 2814 legiones
934 2734 1051 2798 diutius
1083 2737 1150 2798 sine

126 2850 285 2916 consulari
319 2850 428 2922 fuere,
463 2846 563 2913 donec
595 2845 693 2908 mism
724 2844 842 2909 Galbae
873 2850 974 2913 Aldus
1005 2849 1150 2912 Vitellius

125 2966 251 3042 aderat,
282 2966 419 3028 censoris
440 2962 561 3026 Vitellii
582 2983 619 3024 ac
646 2974 696 3024 ter
716 2962 854 3025 consulis
883 2963 977 3026 filius.
1018 2963 1051 3026 id
1076 2966 1150 3028 satis

124 3080 303 3147 videbatur.

213 3191 255 3278 (a.
277 3188 332 3276 69)
359 3188 421 3255 Sed
443 3189 544 3254 Galba
563 3201 636 3273 post
657 3189 787 3255 nuntios
807 3190 1001 3273 germanicae
1021 3190 1233 3286 seditio·1‚14
1299 3252 1301 3257 ,

125 3309 197 3386 nis,
231 3326 412 3391 quanquam
433 3303 514 3365 nibil
537 3301 638 3367 adhuc
661 3301 700 3367 ds
720 3304 849 3368 Vitellio
871 3317 1007 3383 certum,
1034 3306 1147 3368 anxius

127 3440 269 3505 quonam
288 3418 482 3481 exercituum
502 3416 550 3481 vis
572 3430 766 3499 erumperet,
798 3437 840 3480 ne
870 3418 993 3480 urbano
1021 3419 1149 3501 quidem

126 3531 221 3596 militi
243 3529 393 3607 confisus,
423 3525 510 3611 quod
531 3528 705 3592 remedium
725 3528 856 3591 unicum
875 3532 1021 3610 rebatur,
1053 3535 1149 3595 comi·

125 3649 173 3712 tia
192 3642 320 3727 imperii
337 3641 489 3720 transigit.

215 3756 256 3843 (a.
280 3753 336 3842 69)
363 3754 583 3819 crebrioribus
610 3755 643 3817 in
667 3753 733 3818 dies
754 3756 946 3835 germanicae
968 3754 1148 3821 defectionis
1165 3781 1233 3844 ¹‚19

127 3873 249 3935 nuntiis
272 3882 303 3932 et
325 3869 410 3931 facili
434 3869 556 3933 civitate
583 3864 623 3931 ad
644 3866 824 3949 accipienda
845 3868 1062 3953 credendaque
1082 3891 1149 3932 om-

128 3986 185 4048 nia
207 4006 300 4064 nova,
323 4005 421 4070 quum
442 3982 541 4047 tristia
562 3996 644 4065 sunt,
666 3998 851 4047 censuerant
866 3998 970 4065 patres
983 3979 1151 4044 mittendos

848 4106 865 4158 5
