2934 4625
465 299 527 367 EX
549 299 805 369 ANNALIBUS
1107 308 1145 373 51

129 473 517 559 expensum-stercutus
548 476 677 540 latebris
704 475 901 558 defensum„
925 500 960 540 ac
991 499 1068 540 mox
1095 491 1167 560 per·

131 587 217 651 dona
240 602 277 654 et
291 591 460 670 legationes
482 587 628 673 petivisse
647 587 778 671 ioddus,
805 590 1003 675 proditorem
1022 597 1151 677 patriae,

128 703 293 765 satellitem
323 705 472 783 caesaris,
499 702 586 766 haud
614 704 718 767 utinm
732 707 878 769 ⁴infensis
909 707 1021 771 animis
1047 705 1155 771 extur-

130 816 298 895 bandum
311 827 406 901 quant
426 820 550 882 Varum
569 815 760 896 Quintilium
777 816 1005 885 interfecerint.
1045 822 1155 885 memi-

131 933 377 1002 nissam-modo:
389 931 668 1017 suspendiorum,
690 928 961 1021 quorum'erentu
982 948 1013 999 et
1037 935 1077 1000 ad
1096 958 1154 1020 po·

131 1041 414 1125 stremumejsctIs
430 1041 606 1112 ⁵R'omanis·
622 1041 697 1113 salis
717 1052 917 1133 «probatum,
948 1069 1046 1132 penes
1066 1062 1155 1113 utros
1240 1029 1253 1069 ³

130 1177 253 1220 summu
276 1155 478 1221 redimeris.
500 1183 503 1192 ⁴

158 1297 179 1324 .·
206 1271 328 1356 -Neque
350 1269 577 1344 Maroboduus·
594 1267 742 1353 iactantia
770 1269 902 1337 sui'aut
917 1273 1022 1357 'patris
1043 1274 1078 1336 in
1097 1274 1156 1338 ho·
1168 1283 1239 1348 nto

132 1398 212 1451 stem
233 1388 426 1465 abstinebat,
456 1384 512 1449 s'ed
532 1386 769 1467 Inguiomerum
789 1387 932 1466 senem
951 1386 1007 1450 illo
1027 1386 1063 1449 in
1086 1407 1157 1449 cor·

132 1522 213 1584 pore
234 1499 328 1564 decus
346 1501 439 1564 omne
460 1500 701 1579 Cheruscorum,
721 1501 808 1564 illius
823 1501 960 1565 consiliis
977 1516 1061 1584 gesta
1078 1525 1158 1586 quae

132 1637 285 1701 prospere
312 1615 483 1678 ceciderint
508 1617 699 1678 testabatur:
726 1614 895 1679 vecoidcm
921 1617 1101 1678 Arminium
1128 1630 1159 1680 et

133 1731 243 1793 rerum
256 1729 559 1794 'nescium'alienam
580 1725 709 1810 gloriam
731 1727 768 1789 in¹
788 1741 822 1789 se
837 1730 986 1807 trahere,
1009 1731 1160 1814 quoniam

136 1856 201 1908 tres
222 1866 337 1910 vacuas
357 1844 496 1924 legiones
524 1855 554 1905 et
575 1840 695 1904 ducem»
712 1840 835 1903 fraudis
858 1843 1003 1922 ignarum
1028 1844 1160 1926 perfidia

138 1958 295 2041 deceperit
314 1955 516 2038 magnacum
535 1956 621 2020 clade
641 1955 829 2019 Germanias
850 1970 880 2020 et
899 1957 1072 2039 ignominia
1093 1982 1159 2039 sua,

137 2095 237 2158 quum
254 2076 380 2151 coniux,
402 2091 500 2154 quum
518 2069 605 2133 iilius
620 2074 692 2147 'ejus
706 2071 872 2133 servitium
892 2069 995 2133 adliuc
1008 2074 1160 2138 tolerent.

137 2201 169 2251 at
184 2207 226 2252 se
252 2185 418 2251 duodecim
438 2186 615 2266 legionibus
642 2187 790 2268 petitam
805 2183 884 2249 duce
904 2187 1034 2252 Tiberio
1055 2190 1159 2253 illiba·

137 2301 461 2367 tam‘Ge'rmanorum
486 2302 619 2383 gloriam
648 2303 839 2385 servavisse3
867 2326 945 2368 mox
966 2304 1160 2371 condicioni·

137 2421 197 2480 bus
222 2410 331 2500 seorsis
358 2413 548 2479 discessum:
579 2416 876 2498 neque'poenitere
904 2418 991 2501 quod
1017 2421 1160 2502 ipsorum

138 2534 173 2595 in
201 2532 389 2608 manarit,
413 2525 573 2608 integrum
601 2524 768 2591 adversum
795 2528 956 2591 Romanos
979 2533 1098 2593 bellum
1120 2554 1161 2593 an

139 2668 249 2730 pacem
270 2647 467 2708 incrttenta'm·
490 2642 612 2705 malint.
653 2641 712 2706 His
731 2643 865 2706 'vocibus
885 2641 1048 2706 instinctos
1069 2664 1162 2707 exer·

140 2761 218 2823 citus
238 2761 386 2841 propriae
407 2760 536 2839 quoque
557 2775 669 2817 causae
690 2754 901 2835 stimulabant,
923 2777 1022 2839 quum
1041 2780 1059 2821 a
1079 2756 1162 2820 Che·

140 2874 240 2936 ruscis
267 2864 547 2955 Langobardisque
575 2890 635 2952 pro
667 2870 798 2953 antiquo
826 2869 939 2933 decore
964 2885 1019 2933 aut
1041 2872 1162 2934 recenti

139 2984 369 3053 liberasset·
386 2999 496 3048 sonus
513 3014 517 3019 ·
534 2980 696 3066 augendae
715 2984 942 3049 ‘dominationi
982 2998 1163 3050 certaretur.

139 3100 217 3165 Non
238 3099 315 3161 alias
333 3103 456 3177 ‘maiore
479 3096 563 3161 niole
585 3110 786 3176 concursum,-
802 3100 906 3182 neque
929 3099 1073 3180 ambiguo
1096 3120 1162 3161 ma·

142 3212 187 3293 gis
202 3210 330 3289 eventu,
348 3211 430 3274 fusis
450 3212 600 3294 utrinque
622 3208 919 3276 deniriscornibus.
962 3215 1162 3295 sperabatur·

142 3324 338 3409 quemn-sus
357 3344 478 3406 pugna,
500 3324 535 3391 ni
554 3320 773 3395 Maroboduus
795 3336 895 3391 castra
914 3326 949 3387 in
965 3329 1064 3388 ‘colles
1087 3329 1163 3389 sub·
1206 3378 1210 3383 ,

145 3436 297 3501 duxisset.
337 3437 372 3501 id
396 3440 520 3519 signum
545 3439 682 3521 persulsi
702 3441 781 3520 fuit'3
803 3451 834 3502 et
853 3439 1032 3520 transfugiis
1053 3445 1163 3522 paula·

143 3549 201 3612 tim
225 3547 362 3612 nudatus
389 3549 426 3611 in
448 3552 674 3615 Marcomanos*
696 3551 849 3616 concessit
873 3554 1020 3636 misitque
1046 3557 1163 3633 legatos

147 3666 187 3730 sd
222 3665 387 3728 Tiberium
422 3678 569 3729 oraturos
604 3664 732 3729 auxilia.
786 3668 983 3749 Responsum
1017 3672 1163 3732 estnon

111 3804 113 3807 ’
145 3772 307 3861 ξιιτεῖοιιιη
326 3778 474 3845 adversus
488 3780 663 3846 Cheruscos
681 3803 769 3847 arma
784 3803 916 3846 romans
933 3782 1090 3860 invocare,
1108 3782 1165 3864 qui

146 3890 319 3976 pugnantes
328 3894 369 3956 in
387 3890 521 3956 eundem
535 3891 657 3959 hostem
672 3896 832 3961 Romanos
846 3899 933 3958 nulla
951 3915 1011 3977 ope
1027 3895 1164 3972 juvisset.

147 4008 263 4072 Missus
283 4020 388 4073 tamen
410 4004 552 4089 marsus,
572 4020 609 4070 ut
629 4009 825 4088 rettulimus,
843 4008 914 4091 paci
935 4008 1086 4071 firmator.

860 4124 879 4182 4
891 4122 907 4156 tt
