2934 4625
497 279 559 348 EX
582 280 820 351 HISTORIIS
1124 281 1168 350 73

30 446 65 555 J}
149 453 296 517 Vitellius
318 466 350 517 et
366 454 525 518 fortunam
545 454 741 540 principatus
758 455 853 519 inerti
871 457 951 519 luxu
972 476 1008 521 ac
1028 454 1168 540 prodigia

148 569 248 649 epulis
279 576 515 652 praesumebat,
546 572 650 636 medio
683 570 747 635 diei
776 574 967 637 temulentus
999 582 1030 634 et
1062 571 1169 652 sagina

146 683 266 762 gravis,
296 704 393 767 quum
418 698 524 748 tamen
553 685 650 751 ardor
672 698 704 750 et
724 686 774 751 uis
801 687 937 748 militum
968 687 1052 748 ultro
1082 683 1170 747 ducis

148 797 257 858 munia
277 797 442 879 implebat,
472 813 508 862 ut
528 799 555 860 ei
577 796 699 860 adesset
719 799 893 881 imperator
913 810 945 859 et
964 797 1098 860 strenuis
1119 801 1171 861 vel

146 909 266 990 ignavis
298 931 386 993 spem
414 924 596 995 metumque
625 909 766 975 adderet.
815 911 964 974 Instructi
994 910 1170 993 intentique

148 1022 270 1101 signum
297 1025 501 1106 profectionis
527 1037 718 1106 exposcunt.
761 1024 890 1087 nomine
914 1024 1094 1088 Germanici
1113 1026 1171 1088 Vi-

35 1125 37 1132 '
148 1138 234 1199 tellio
262 1138 363 1199 statim
390 1137 515 1215 addito,
545 1158 703 1199 caesarem
723 1157 758 1198 se
783 1138 937 1219 appellari
958 1139 1050 1199 etiam
1070 1139 1171 1201 victor

147 1251 322 1330 prohibuit.
369 1250 503 1314 Laetum
534 1251 702 1332 augurium
729 1251 830 1314 Fabio
855 1252 983 1312 Valenti
1004 1253 1172 1315 exercitui·

28 1447 32 1454 ¹
148 1384 210 1445 que
232 1386 326 1447 quem
346 1364 381 1425 in
402 1368 520 1429 hellmn
541 1372 652 1447 agebat
672 1367 744 1449 ipso
766 1367 972 1448 profectionis
996 1365 1045 1429 die
1067 1369 1173 1451 aquila

148 1478 212 1538 leni
233 1491 348 1556 meatu,
368 1492 466 1560 prout
479 1501 590 1559 agmen
610 1479 780 1559 incederet,
804 1481 892 1542 velut
908 1478 976 1541 dux
990 1481 1060 1544 viae
1081 1503 1173 1562 prae-

148 1593 281 1671 volavit,
312 1596 506 1676 longumque
525 1614 584 1674 per
605 1592 742 1674 spatium
763 1592 790 1652 is
815 1591 1015 1671 gaudentium
1037 1595 1173 1656 militum

150 1709 287 1779 clamor,
315 1728 352 1768 ea
374 1708 463 1790 quies
483 1706 645 1769 interritae
668 1706 751 1767 alitis
771 1705 849 1783 suit,
879 1717 915 1767 ut
934 1703 1020 1768 haud
1042 1705 1174 1769 dubium

150 1842 279 1901 magnae
300 1834 331 1883 et
349 1843 521 1904 prosperae
540 1820 590 1883 rei
611 1841 704 1884 omen
725 1818 929 1901 acciperetur.

235 1937 276 1998 Et
292 1936 450 2000 Treveros
466 1934 594 2019 quidem
615 1950 651 1999 ut
671 1934 773 1999 socios
792 1935 897 1997 securi
916 1932 1032 1997 adiere.
1073 1931 1175 1994 Divo·
1190 1952 1259 2014 gua

36 2043 46 2116 .⁷
150 2047 223 2111 duri
242 2047 566 2131 (Mediomatricorum
583 2047 617 2112 id
635 2047 790 2129 oppidum
808 2044 867 2131 est)
887 2067 1070 2130 quanquam
1089 2045 1176 2109 omni

35 2189 41 2202 ἡ
149 2166 293 2228 comitate
315 2178 460 2246 exceptos
484 2166 606 2230 subitus
628 2184 732 2248 pavor
751 2163 865 2226 terruit
886 2161 984 2243 raptis
1006 2159 1175 2241 derepente

151 2282 245 2344 armis
275 2279 314 2342 ad
343 2281 469 2345 caedem
498 2281 648 2345 innoxiae
679 2278 829 2357 civitatis,
859 2298 924 2341 non
955 2279 996 2340 oh
1025 2274 1175 2358 praedam

151 2406 205 2454 aut
225 2392 382 2475 spoliandi
406 2394 602 2476 cupidinem,
633 2392 689 2457 sed
717 2396 828 2454 furore
858 2406 887 2453 et
912 2395 1000 2453 rabie
1022 2405 1053 2452 et
1076 2391 1176 2453 causis

151 2506 278 2568 incertis
310 2525 411 2588 eoque
443 2506 673 2570 difficilioribus
702 2504 868 2581 remediis,
902 2504 1002 2566 donec
1029 2506 1176 2585 precibus

151 2616 239 2681 ducis
265 2619 396 2699 mitigati
425 2622 465 2681 ab
495 2617 619 2682 excidio
654 2618 784 2681 civitatis
816 2628 1041 2697 temperavere.
1088 2634 1177 2677 caesa

149 2748 255 2796 tamen
278 2732 319 2796 ad
340 2747 490 2817 quattuor
513 2735 612 2797 millia
634 2735 811 2796 hominum.
856 2735 951 2815 Isque
973 2744 1079 2794 terror
1100 2730 1177 2792 Gal·

151 2849 208 2909 lias
228 2849 361 2927 invasit,
389 2862 425 2912 ut
445 2850 585 2912 venienti
608 2858 691 2929 prox
712 2849 829 2930 agmini
851 2849 1016 2914 universae
1038 2848 1177 2915 civitates

41 2962 44 2991 '³
152 2982 223 3023 cum
252 2960 482 3042 magistratibus
513 2974 544 3023 et
565 2961 713 3042 precibus
741 2973 959 3038 occurrerent,
989 2961 1092 3022 stratis
1119 2981 1178 3041 per

152 3075 217 3137 vias
239 3074 364 3138 feminis
384 3074 564 3156 puerisque,
587 3093 733 3156 quaeque
756 3074 817 3134 alia
838 3074 1034 3153 placamenta
1054 3071 1176 3134 hostilis

151 3188 216 3251 irae
239 3208 306 3250 non
328 3188 455 3273 quidem
474 3189 507 3250 in
534 3190 617 3250 bello
641 3186 697 3252 sed
720 3209 781 3269 pro
805 3208 883 3267 pace
907 3186 1146 3268 tendebantur.¹

236 3300 392 3365 Nuntium
418 3302 458 3365 de
484 3303 578 3365 caede
602 3303 722 3366 Galbae
746 3314 777 3364 et
800 3302 935 3382 imperio
960 3297 1094 3364 Othonis
1116 3300 1261 3381 Fa·1‚e4

153 3410 223 3473 bius
244 3415 360 3478 Valens
381 3416 413 3478 in
437 3416 560 3480 ciuitate
580 3418 763 3481 Leucorum
784 3416 915 3497 aceepit.
963 3437 1020 3478 nec
1041 3416 1177 3477 militum

153 3526 276 3588 animus
299 3528 333 3588 in
356 3528 504 3609 gaudium
536 3544 590 3593 aut
613 3529 816 3593 formidinem
844 3540 1025 3610 permotus:
1059 3530 1178 3592 bellum

153 3642 311 3705 volvebat.
359 3641 457 3705 Gallis
477 3648 635 3708 cunctatio
659 3656 820 3726 exempta,
850 3655 880 3704 et
905 3641 939 3702 in
962 3639 1120 3706 Othonem
1141 3664 1178 3704 ac

152 3755 316 3817 Vitellium
344 3752 454 3818 odium
480 3778 556 3838 par,
586 3777 627 3818 ex
654 3756 784 3818 Vitellio
815 3767 847 3817 et
870 3767 982 3816 metus.
1027 3753 1179 3816 Proxima

153 3867 332 3948 Lingonum
363 3868 471 3932 civitas
500 3880 569 3930 erat
596 3866 659 3929 fida
686 3868 841 3948 partibus.
871 3867 1024 3946 benigne
1055 3863 1178 3943 excepti

155 3980 305 4044 modestia
335 3995 501 4047 certavere.
551 3978 613 4043 Sed
639 3980 746 4044 brevis
772 3979 889 4043 laetitia
916 3980 974 4042 tuit
1001 3974 1177 4040 cohortium
