2934 4625
321 236 364 302 32
660 235 722 303 EX
744 235 1001 306 ANNALIBUS

324 411 392 475 sciti
417 423 501 475 sunt.
544 414 712 477 Bructeros
742 436 799 478 sua
825 427 952 479 urentes
980 416 1126 499 expedita
1153 438 1225 480 cum
1245 439 1344 481 manu

324 528 450 591 Lucius'
463 527 629 592 Stertinius
657 529 754 593 missu
776 530 956 593 Germanici
980 531 1078 610 fudit,
1107 534 1252 617 interque
1274 554 1345 597 cae·

324 642 395 705 dem
420 656 450 706 et
477 642 627 726 praedam
652 646 794 727 repperit
817 646 1067 710 undevicesimae
1096 649 1226 728 legionis
1255 655 1345 733 aqui·

323 760 387 821 lam
414 779 484 821 cum
512 759 600 821 Varo
622 760 777 822 amissam.
819 759 958 823 Ductum
980 759 1054 822 inde
1076 783 1185 841 agmen
1207 761 1247 824 ad
1271 765 1346 825 ulti·

323 891 393 934 mos
427 874 670 938 Bructerorum:
709 887 926 959 quantumque
962 874 1111 938 Amisiam
1146 891 1178 939 et
1208 877 1345 959 Lupiam

325 1006 432 1048 amnes
452 987 535 1050 inter
557 999 721 1066 vastatum,
745 986 832 1049 haud
852 990 966 1069 procul
986 989 1232 1069 teutoburgiensi
1253 992 1344 1069 saltu,

324 1100 360 1164 in
378 1123 442 1184 quo
459 1101 611 1185 reliquiae
628 1104 707 1165 Vari
724 1106 946 1188 legionumque
965 1104 1138 1186 insepultae
1153 1102 1344 1169 dicebantur.

241 1231 311 1297 1,61
409 1216 507 1296 Igitur
540 1215 653 1299 cupido
687 1238 845 1281 caesarem
876 1218 997 1284 invadit
1027 1218 1170 1283 soluendi
1198 1240 1345 1300 suprema

245 1416 248 1421 Ι
324 1329 476 1393 militibus
506 1328 659 1413 ducique,
686 1343 844 1413 permoto·
857 1329 897 1394 ad
924 1332 1156 1395 miserationem
1182 1333 1269 1395 omni
1289 1331 1346 1416 qui

326 1442 434 1506 aderat
454 1445 592 1506 exercitu
615 1448 656 1507 ob
678 1447 894 1529 propinquos,
917 1447 1051 1523 amicos,
1072 1445 1208 1531 denique
1232 1448 1273 1509 ob
1295 1469 1345 1509 ca-

326 1579 379 1622 sus
403 1559 560 1620 bellorum
588 1571 618 1620 et
643 1570 760 1621 sortem
790 1559 966 1622 hominum.
1006 1560 1181 1623 Praemisso
1204 1559 1345 1637 Caecina,

326 1686 362 1736 ut
383 1676 505 1737 occulta
525 1677 661 1737 saltuum
683 1687 877 1739 scrutaretur
893 1690 1069 1761 pontesque
1089 1690 1121 1742 et
1141 1698 1265 1758 aggeres
1285 1678 1347 1738 hu·

326 1788 412 1853 mido
436 1788 588 1870 paludum
609 1802 641 1851 et
661 1791 825 1854 fallacibus
847 1795 966 1874 campis
985 1794 1177 1875 imponeret,
1198 1790 1347 1854 incedunt
1454 1793 1455 1824 l

326 1915 462 1966 moestos
489 1906 592 1983 locos,
623 1902 757 1988 visuque
787 1929 822 1968 ac
852 1909 1003 1970 memoria
1032 1906 1197 1969 deformes.
1244 1906 1349 1988 prima

326 2016 406 2077 Vari
435 2027 535 2079 casua
564 2019 628 2078 lato
662 2018 781 2080 ambitu
811 2034 842 2082 et
874 2018 1022 2083 dimensis
1055 2021 1218 2100 principiis
1249 2020 1347 2082 trium

325 2131 485 2211 legionum
505 2149 618 2191 manus
640 2133 856 2211 ostentabant,
889 2132 960 2195 dein
982 2134 1133 2194 semiruto
1152 2135 1256 2210 vallo,
1286 2137 1349 2196 hu.

326 2243 394 2304 mili
414 2244 498 2305 fossa
520 2242 637 2303 accisae
662 2247 725 2320 jani
753 2243 905 2327 reliquiae
930 2243 1104 2308 consedisse
1131 2245 1349 2327 intelligeban-

327 2371 398 2427 tur:
424 2357 529 2421 medio
552 2359 654 2440 campi
675 2361 815 2422 albentia
836 2381 916 2439 ossa,
937 2375 973 2424 ut
996 2364 1149 2442 fugerant,
1170 2377 1207 2425 ut
1226 2365 1349 2427 restite·

327 2486 409 2554 rant,
432 2473 556 2555 disjecta
575 2477 627 2540 vel
645 2490 797 2557 aggerata.
842 2476 1025 2556 adjacebant
1043 2479 1193 2558 fragmina
1213 2481 1349 2542 telorum

329 2609 547 2672 equorumque
569 2601 671 2668 artus,
698 2590 792 2652 simul
813 2592 932 2654 truncis
954 2596 1104 2656 arborum
1126 2594 1261 2656 antefixa
1283 2615 1350 2657 ora.

328 2704 408 2766 lucis
426 2703 612 2786 propinquis
633 2705 788 2765 barbarae
811 2719 900 2780 arae,
928 2703 1013 2784 apud
1042 2726 1121 2788 quas
1145 2708 1289 2769 tribunos
1313 2729 1349 2770 ac
1454 2740 1455 2763 t

329 2819 504 2901 primorum
536 2818 685 2882 ordinum
709 2820 908 2882 centuriones
932 2833 1154 2884 mactaverant.
1196 2833 1227 2884 et
1255 2820 1350 2882 cladis
1454 2828 1455 2831 ’

331 2939 398 3014 ejus
419 2935 619 3017 superstites,
645 2955 783 3015 pugnam
805 2945 860 2996 aut
879 2934 1006 2997 vincula
1027 2934 1143 3015 elapsi,
1173 2934 1352 2997 referebant

330 3047 382 3109 hie
410 3047 554 3109 cecidisse
582 3050 717 3124 legatos,
745 3045 810 3106 illic
839 3058 944 3125 raptas
973 3046 1108 3127 aquilas,
1137 3047 1275 3124 primum
1295 3047 1353 3109 ubi

331 3162 447 3220 vulnus
474 3159 563 3219 Varo
591 3155 754 3231 adactum,
784 3155 841 3215 ubi
868 3156 985 3217 infelici
1012 3155 1124 3218 dextra
1153 3170 1183 3219 et
1208 3179 1267 3220 suo
1287 3161 1353 3224 ictu

331 3284 466 3335 mortem
488 3271 662 3345 invenerit,
689 3290 754 3352 quo
781 3270 933 3330 tribunali
959 3269 1161 3332 concionatus
1181 3264 1359 3351 Arminius(

334 3401 413 3469 quot
440 3386 582 3467 patibula
613 3385 758 3466 captivis,
787 3405 867 3467 quae
893 3387 1035 3465 scrobes,
1068 3399 1167 3471 utque
1196 3389 1290 3470 signis
1321 3402 1354 3452 et

333 3498 446 3583 aquilis
466 3516 525 3582 per
544 3499 723 3581 superbiam
744 3500 886 3563 illuserit.

251 3631 322 3696 nos
418 3617 516 3698 Igitur
542 3638 692 3679 romanus
719 3617 775 3700 qui
801 3616 909 3680 aderat
937 3618 1108 3697 exercitus,
1139 3632 1261 3683 sexmm
1282 3633 1354 3702 post

334 3732 429 3797 cladis
454 3755 571 3796 annum
592 3733 689 3795 trium
709 3733 869 3814 legionum
892 3755 977 3811 ossa,
998 3737 1086 3796 nullo
1109 3748 1255 3798 noscente
1278 3736 1353 3798 alie·

334 3871 392 3912 nas
412 3849 562 3933 reliquias
583 3868 624 3908 an
650 3867 780 3910 suorum
807 3848 904 3910 humo
927 3858 1060 3933 tegeret,
1092 3867 1200 3909 omnes
1222 3860 1257 3909 ut
1277 3867 1353 3910 con-

335 3968 474 4046 junctos,
495 3975 530 4027 ut
551 3963 815 4044 consanguineos,
845 3975 934 4026 atleta
955 3963 987 4022 in
1009 3962 1130 4023 hostem
1151 3962 1215 4039 ira,
1244 3960 1355 4023 moesti
