<?xml version="1.0" encoding="UTF-8"?>
<!DOCTYPE html PUBLIC "-//W3C//DTD XHTML 1.0 Transitional//EN"
    "http://www.w3.org/TR/xhtml1/DTD/xhtml1-transitional.dtd">
<html xmlns="http://www.w3.org/1999/xhtml" xml:lang="en" lang="en">
 <head>
  <title>
</title>
<meta http-equiv="Content-Type" content="text/html;charset=utf-8" />
  <meta name='ocr-system' content='tesseract 3.04.00' />
  <meta name='ocr-capabilities' content='ocr_page ocr_carea ocr_par ocr_line ocrx_word'/>
</head>
<body>
  <div class='ocr_page' id='page_1' title='image "./tacitigermania02grimgoog_0107.png"; bbox 0 0 2934 4625; ppageno 0'>
   <div class='ocr_carea' id='block_1_1' title="bbox 510 256 1179 332">
    <p class='ocr_par' dir='ltr' id='par_1_1' title="bbox 510 256 1179 332">
     <span class='ocr_line' id='line_1_1' title="bbox 510 256 1179 332; baseline 0.003 -2"><span class='ocrx_word' id='word_1_1' title='bbox 510 256 574 330; x_wconf 78' lang='lat' dir='ltr'>tsx</span> <span class='ocrx_word' id='word_1_2' title='bbox 596 259 832 331; x_wconf 71' lang='lat' dir='ltr'>HISTORIIS</span> <span class='ocrx_word' id='word_1_3' title='bbox 1134 261 1179 332; x_wconf 74' lang='lat'>98</span> 
     </span>
    </p>
   </div>
   <div class='ocr_carea' id='block_1_2' title="bbox 115 427 1177 2349">
    <p class='ocr_par' dir='ltr' id='par_1_2' title="bbox 115 427 1177 2349">
     <span class='ocr_line' id='line_1_2' title="bbox 156 427 1176 526; baseline 0.003 -24"><span class='ocrx_word' id='word_1_4' title='bbox 156 459 271 523; x_wconf 86' lang='lat' dir='ltr'>resque</span> <span class='ocrx_word' id='word_1_5' title='bbox 302 427 474 502; x_wconf 80' lang='lat' dir='ltr'>castrorum</span> <span class='ocrx_word' id='word_1_6' title='bbox 508 429 675 522; x_wconf 39' lang='lat' dir='ltr'>augebam*</span> <span class='ocrx_word' id='word_1_7' title='bbox 695 455 847 526; x_wconf 86' lang='lat' dir='ltr'>tanquam</span> <span class='ocrx_word' id='word_1_8' title='bbox 878 462 988 507; x_wconf 88' lang='lat' dir='ltr'>rursus</span> <span class='ocrx_word' id='word_1_9' title='bbox 1020 441 1176 507; x_wconf 85' lang='lat' dir='ltr'>obsidium</span> 
     </span>
     <span class='ocr_line' id='line_1_3' title="bbox 156 552 1177 642; baseline 0.007 -28"><span class='ocrx_word' id='word_1_10' title='bbox 156 552 349 631; x_wconf 80' lang='lat' dir='ltr'><strong>immineret,</strong></span> <span class='ocrx_word' id='word_1_11' title='bbox 372 569 520 638; x_wconf 85' lang='lat' dir='ltr'>corrupta</span> <span class='ocrx_word' id='word_1_12' title='bbox 541 558 656 622; x_wconf 86' lang='lat' dir='ltr'>totiens</span> <span class='ocrx_word' id='word_1_13' title='bbox 677 557 809 624; x_wconf 85' lang='lat' dir='ltr'>victoria</span> <span class='ocrx_word' id='word_1_14' title='bbox 829 578 894 621; x_wconf 92' lang='lat' dir='ltr'>nou</span> <span class='ocrx_word' id='word_1_15' title='bbox 914 560 994 622; x_wconf 84' lang='lat' dir='ltr'>falso</span> <span class='ocrx_word' id='word_1_16' title='bbox 1016 572 1177 642; x_wconf 84' lang='lat' dir='ltr'>suspectus</span> 
     </span>
     <span class='ocr_line' id='line_1_4' title="bbox 155 659 1177 755; baseline 0.006 -28"><span class='ocrx_word' id='word_1_17' title='bbox 155 668 275 730; x_wconf 87' lang='lat' dir='ltr'>bellum</span> <span class='ocrx_word' id='word_1_18' title='bbox 294 669 397 732; x_wconf 90' lang='lat' dir='ltr'>malle.</span> <span class='ocrx_word' id='word_1_19' title='bbox 439 668 528 731; x_wconf 89' lang='lat' dir='ltr'>Nihil</span> <span class='ocrx_word' id='word_1_20' title='bbox 550 687 651 754; x_wconf 89' lang='lat' dir='ltr'>aeque</span> <span class='ocrx_word' id='word_1_21' title='bbox 671 670 825 734; x_wconf 83' lang='lat' dir='ltr'>exercitus</span> <span class='ocrx_word' id='word_1_22' title='bbox 847 659 971 735; x_wconf 83' lang='lat' dir='ltr'>nostros</span> <span class='ocrx_word' id='word_1_23' title='bbox 991 691 1085 755; x_wconf 59' lang='lat' dir='ltr'>mam</span> <span class='ocrx_word' id='word_1_24' title='bbox 1106 692 1177 752; x_wconf 83' lang='lat' dir='ltr'>ege·</span> 
     </span>
     <span class='ocr_line' id='line_1_5' title="bbox 157 773 1175 866; baseline 0.009 -26"><span class='ocrx_word' id='word_1_25' title='bbox 157 792 219 842; x_wconf 84' lang='lat' dir='ltr'>stas</span> <span class='ocrx_word' id='word_1_26' title='bbox 255 782 416 864; x_wconf 88' lang='lat' dir='ltr'>copiarum</span> <span class='ocrx_word' id='word_1_27' title='bbox 449 782 607 862; x_wconf 82' lang='lat' dir='ltr'>fatigabat.</span> <span class='ocrx_word' id='word_1_28' title='bbox 657 781 880 865; x_wconf 87' lang='lat' dir='ltr'>impedimenta</span> <span class='ocrx_word' id='word_1_29' title='bbox 911 773 1070 866; x_wconf 84' lang='lat' dir='ltr'>legionum</span> <span class='ocrx_word' id='word_1_30' title='bbox 1104 807 1175 849; x_wconf 87' lang='lat' dir='ltr'>cum</span> 
     </span>
     <span class='ocr_line' id='line_1_6' title="bbox 115 887 1176 975; baseline 0.004 -16"><span class='ocrx_word' id='word_1_31' title='bbox 115 949 121 959; x_wconf 92' lang='lat'>.</span> <span class='ocrx_word' id='word_1_32' title='bbox 157 895 279 957; x_wconf 79' lang='lat' dir='ltr'>imbelli</span> <span class='ocrx_word' id='word_1_33' title='bbox 301 899 395 959; x_wconf 88' lang='lat' dir='ltr'>turba</span> <span class='ocrx_word' id='word_1_34' title='bbox 417 896 591 961; x_wconf 87' lang='lat' dir='ltr'>Novesium</span> <span class='ocrx_word' id='word_1_35' title='bbox 616 889 727 975; x_wconf 81' lang='lat' dir='ltr'>missa,</span> <span class='ocrx_word' id='word_1_36' title='bbox 756 912 793 963; x_wconf 89' lang='lat' dir='ltr'>ut</span> <span class='ocrx_word' id='word_1_37' title='bbox 812 899 887 963; x_wconf 87' lang='lat' dir='ltr'>inde</span> <span class='ocrx_word' id='word_1_38' title='bbox 906 887 1046 964; x_wconf 78' lang='lat' dir='ltr'>terrestri</span> <span class='ocrx_word' id='word_1_39' title='bbox 1064 901 1176 963; x_wconf 89' lang='lat' dir='ltr'>itinere</span> 
     </span>
     <span class='ocr_line' id='line_1_7' title="bbox 156 1003 1176 1098; baseline 0.006 -28"><span class='ocrx_word' id='word_1_40' title='bbox 156 1010 350 1072; x_wconf 75' lang='lat' dir='ltr'>fruinentum</span> <span class='ocrx_word' id='word_1_41' title='bbox 364 1003 580 1076; x_wconf 57' lang='lat' dir='ltr'>asseuerante</span> <span class='ocrx_word' id='word_1_42' title='bbox 594 1003 668 1075; x_wconf 87' lang='lat' dir='ltr'>nam</span> <span class='ocrx_word' id='word_1_43' title='bbox 688 1012 817 1080; x_wconf 89' lang='lat' dir='ltr'>flumine</span> <span class='ocrx_word' id='word_1_44' title='bbox 840 1015 944 1079; x_wconf 87' lang='lat' dir='ltr'>hostes</span> <span class='ocrx_word' id='word_1_45' title='bbox 963 1016 1176 1098; x_wconf 87' lang='lat' dir='ltr'>potiebantur.</span> 
     </span>
     <span class='ocr_line' id='line_1_8' title="bbox 155 1117 1175 1206; baseline 0.005 -22"><span class='ocrx_word' id='word_1_46' title='bbox 155 1123 299 1186; x_wconf 89' lang='lat' dir='ltr'>Primum</span> <span class='ocrx_word' id='word_1_47' title='bbox 331 1139 440 1206; x_wconf 79' lang='lat' dir='ltr'>agmen</span> <span class='ocrx_word' id='word_1_48' title='bbox 475 1119 621 1188; x_wconf 77' lang='lat' dir='ltr'>securum</span> <span class='ocrx_word' id='word_1_49' title='bbox 651 1117 776 1190; x_wconf 83' lang='lat' dir='ltr'>incessit</span> <span class='ocrx_word' id='word_1_50' title='bbox 807 1126 948 1190; x_wconf 89' lang='lat' dir='ltr'>nondum</span> <span class='ocrx_word' id='word_1_51' title='bbox 980 1127 1053 1191; x_wconf 80' lang='lat' dir='ltr'>eatis</span> <span class='ocrx_word' id='word_1_52' title='bbox 1080 1123 1175 1190; x_wconf 78' lang='lat' dir='ltr'>&#39;firmo</span> 
     </span>
     <span class='ocr_line' id='line_1_9' title="bbox 156 1229 1176 1322; baseline 0.005 -23"><span class='ocrx_word' id='word_1_53' title='bbox 156 1236 267 1301; x_wconf 78' lang='lat' dir='ltr'>Civile.</span> <span class='ocrx_word' id='word_1_54' title='bbox 309 1239 365 1322; x_wconf 87' lang='lat' dir='ltr'>qui</span> <span class='ocrx_word' id='word_1_55' title='bbox 384 1239 452 1302; x_wconf 82' lang='lat' dir='ltr'>ubi</span> <span class='ocrx_word' id='word_1_56' title='bbox 468 1229 595 1304; x_wconf 80' lang='lat' dir='ltr'>rursum</span> <span class='ocrx_word' id='word_1_57' title='bbox 623 1229 745 1306; x_wconf 74' lang='lat' dir='ltr'>missos</span> <span class='ocrx_word' id='word_1_58' title='bbox 766 1243 942 1308; x_wconf 77' lang='lat' dir='ltr'>Notesium</span> <span class='ocrx_word' id='word_1_59' title='bbox 954 1271 958 1280; x_wconf 59' lang='lat'>.</span> <span class='ocrx_word' id='word_1_60' title='bbox 969 1244 1176 1305; x_wconf 82' lang='lat' dir='ltr'>frumentato-</span> 
     </span>
     <span class='ocr_line' id='line_1_10' title="bbox 154 1341 1175 1441; baseline 0 -24"><span class='ocrx_word' id='word_1_61' title='bbox 154 1376 205 1418; x_wconf 88' lang='lat' dir='ltr'>res</span> <span class='ocrx_word' id='word_1_62' title='bbox 230 1341 386 1441; x_wconf 53' lang='lat' dir='ltr'>&#39;datasque</span> <span class='ocrx_word' id='word_1_63' title='bbox 407 1357 442 1419; x_wconf 90' lang='lat' dir='ltr'>in</span> <span class='ocrx_word' id='word_1_64' title='bbox 470 1356 662 1439; x_wconf 78' lang='lat' dir='ltr'>praesidium</span> <span class='ocrx_word' id='word_1_65' title='bbox 690 1360 836 1421; x_wconf 84' lang='lat' dir='ltr'>cohortes</span> <span class='ocrx_word' id='word_1_66' title='bbox 858 1361 947 1422; x_wconf 76' lang='lat' dir='ltr'>velut</span> <span class='ocrx_word' id='word_1_67' title='bbox 972 1360 1081 1421; x_wconf 75' lang='lat' dir='ltr'>multa·</span> <span class='ocrx_word' id='word_1_68' title='bbox 1098 1375 1175 1439; x_wconf 84' lang='lat' dir='ltr'>pace</span> 
     </span>
     <span class='ocr_line' id='line_1_11' title="bbox 153 1457 1176 1555; baseline 0.004 -26"><span class='ocrx_word' id='word_1_69' title='bbox 153 1467 276 1547; x_wconf 82' lang='lat' dir='ltr'>ingredi</span> <span class='ocrx_word' id='word_1_70' title='bbox 299 1471 424 1552; x_wconf 82' lang='lat' dir='ltr'>accepit,</span> <span class='ocrx_word' id='word_1_71' title='bbox 445 1492 553 1533; x_wconf 86' lang='lat' dir='ltr'>rarum</span> <span class='ocrx_word' id='word_1_72' title='bbox 575 1471 659 1555; x_wconf 91' lang='lat' dir='ltr'>apud</span> <span class='ocrx_word' id='word_1_73' title='bbox 682 1457 928 1552; x_wconf 75' lang='lat' dir='ltr'>signamilitem,</span> <span class='ocrx_word' id='word_1_74' title='bbox 954 1494 1041 1535; x_wconf 89' lang='lat' dir='ltr'>arma</span> <span class='ocrx_word' id='word_1_75' title='bbox 1063 1472 1096 1533; x_wconf 89' lang='lat' dir='ltr'>in</span> <span class='ocrx_word' id='word_1_76' title='bbox 1119 1492 1176 1534; x_wconf 83' lang='lat' dir='ltr'>ve·</span> 
     </span>
     <span class='ocr_line' id='line_1_12' title="bbox 152 1571 1175 1666; baseline 0.005 -25"><span class='ocrx_word' id='word_1_77' title='bbox 152 1580 275 1661; x_wconf 84' lang='lat' dir='ltr'>Iticulis,</span> <span class='ocrx_word' id='word_1_78' title='bbox 297 1597 424 1646; x_wconf 88' lang='lat' dir='ltr'>cunctos</span> <span class='ocrx_word' id='word_1_79' title='bbox 443 1585 569 1647; x_wconf 84' lang='lat' dir='ltr'>licentia</span> <span class='ocrx_word' id='word_1_80' title='bbox 589 1606 694 1665; x_wconf 82' lang='lat' dir='ltr'>vagos,</span> <span class='ocrx_word' id='word_1_81' title='bbox 711 1571 909 1666; x_wconf 73' lang='lat' dir='ltr'>¹compositus</span> <span class='ocrx_word' id='word_1_82' title='bbox 931 1586 1062 1664; x_wconf 81' lang='lat' dir='ltr'>invadit,</span> <span class='ocrx_word' id='word_1_83' title='bbox 1081 1607 1175 1666; x_wconf 87' lang='lat' dir='ltr'>prae·</span> 
     </span>
     <span class='ocr_line' id='line_1_13' title="bbox 153 1682 1175 1780; baseline 0.001 -23"><span class='ocrx_word' id='word_1_84' title='bbox 153 1696 255 1760; x_wconf 85' lang='lat' dir='ltr'>missis</span> <span class='ocrx_word' id='word_1_85' title='bbox 276 1696 332 1780; x_wconf 89' lang='lat' dir='ltr'>qui</span> <span class='ocrx_word' id='word_1_86' title='bbox 352 1682 464 1779; x_wconf 86' lang='lat' dir='ltr'>pontes</span> <span class='ocrx_word' id='word_1_87' title='bbox 486 1711 517 1760; x_wconf 91' lang='lat' dir='ltr'>et</span> <span class='ocrx_word' id='word_1_88' title='bbox 532 1696 659 1761; x_wconf 78' lang='lat' dir='ltr'>¹riarum</span> <span class='ocrx_word' id='word_1_89' title='bbox 679 1710 808 1777; x_wconf 85' lang='lat' dir='ltr'>angusta</span> <span class='ocrx_word' id='word_1_90' title='bbox 828 1696 1009 1760; x_wconf 83' lang='lat' dir='ltr'>insiderent.</span> <span class='ocrx_word' id='word_1_91' title='bbox 1050 1699 1175 1776; x_wconf 84' lang='lat' dir='ltr'>Pugna-</span> 
     </span>
     <span class='ocr_line' id='line_1_14' title="bbox 152 1790 1174 1895; baseline -0.001 -19"><span class='ocrx_word' id='word_1_92' title='bbox 152 1824 220 1876; x_wconf 88' lang='lat' dir='ltr'>tum</span> <span class='ocrx_word' id='word_1_93' title='bbox 247 1815 342 1895; x_wconf 82' lang='lat' dir='ltr'>longo</span> <span class='ocrx_word' id='word_1_94' title='bbox 375 1790 495 1895; x_wconf 80' lang='lat' dir='ltr'>agmine</span> <span class='ocrx_word' id='word_1_95' title='bbox 529 1826 559 1875; x_wconf 90' lang='lat' dir='ltr'>et</span> <span class='ocrx_word' id='word_1_96' title='bbox 589 1813 708 1874; x_wconf 88' lang='lat' dir='ltr'>incerto</span> <span class='ocrx_word' id='word_1_97' title='bbox 737 1812 856 1888; x_wconf 86' lang='lat' dir='ltr'>Marte,</span> <span class='ocrx_word' id='word_1_98' title='bbox 893 1811 992 1876; x_wconf 87' lang='lat' dir='ltr'>donec</span> <span class='ocrx_word' id='word_1_99' title='bbox 1016 1790 1174 1895; x_wconf 84' lang='lat' dir='ltr'>proelium</span> 
     </span>
     <span class='ocr_line' id='line_1_15' title="bbox 153 1922 1175 2006; baseline -0.001 -18"><span class='ocrx_word' id='word_1_100' title='bbox 153 1945 221 1988; x_wconf 83' lang='lat' dir='ltr'>nox</span> <span class='ocrx_word' id='word_1_101' title='bbox 242 1925 412 1990; x_wconf 88' lang='lat' dir='ltr'>dirimeret.</span> <span class='ocrx_word' id='word_1_102' title='bbox 454 1927 598 1990; x_wconf 87' lang='lat' dir='ltr'>cohortes</span> <span class='ocrx_word' id='word_1_103' title='bbox 616 1922 794 1987; x_wconf 84' lang='lat' dir='ltr'>Geldubam</span> <span class='ocrx_word' id='word_1_104' title='bbox 814 1946 999 2006; x_wconf 85' lang='lat' dir='ltr'>perrexere,</span> <span class='ocrx_word' id='word_1_105' title='bbox 1022 1927 1175 1987; x_wconf 89' lang='lat' dir='ltr'>manenti·</span> 
     </span>
     <span class='ocr_line' id='line_1_16' title="bbox 153 2038 1175 2123; baseline -0.005 -19"><span class='ocrx_word' id='word_1_106' title='bbox 153 2042 214 2104; x_wconf 86' lang='lat' dir='ltr'>bus</span> <span class='ocrx_word' id='word_1_107' title='bbox 221 2088 231 2121; x_wconf 86' lang='lat'><em>‚</em></span> <span class='ocrx_word' id='word_1_108' title='bbox 263 2054 302 2104; x_wconf 86' lang='lat' dir='ltr'>ut</span> <span class='ocrx_word' id='word_1_109' title='bbox 327 2044 469 2120; x_wconf 84' lang='lat' dir='ltr'>fuerant,</span> <span class='ocrx_word' id='word_1_110' title='bbox 500 2040 624 2117; x_wconf 84' lang='lat' dir='ltr'>castris,</span> <span class='ocrx_word' id='word_1_111' title='bbox 647 2061 743 2123; x_wconf 70' lang='lat' dir='ltr'>quae</span> <span class='ocrx_word' id='word_1_112' title='bbox 757 2040 937 2103; x_wconf 85' lang='lat' dir='ltr'>relictorum</span> <span class='ocrx_word' id='word_1_113' title='bbox 957 2040 1021 2102; x_wconf 86' lang='lat' dir='ltr'>illic</span> <span class='ocrx_word' id='word_1_114' title='bbox 1041 2038 1175 2101; x_wconf 89' lang='lat' dir='ltr'>militum</span> 
     </span>
     <span class='ocr_line' id='line_1_17' title="bbox 152 2153 1175 2238; baseline -0.003 -22"><span class='ocrx_word' id='word_1_115' title='bbox 152 2153 309 2235; x_wconf 86' lang='lat' dir='ltr'>praesidio</span> <span class='ocrx_word' id='word_1_116' title='bbox 340 2157 537 2221; x_wconf 84' lang='lat' dir='ltr'>tenebantur.</span> <span class='ocrx_word' id='word_1_117' title='bbox 589 2154 664 2218; x_wconf 91' lang='lat' dir='ltr'>Nou</span> <span class='ocrx_word' id='word_1_118' title='bbox 697 2163 764 2218; x_wconf 88' lang='lat' dir='ltr'>erat</span> <span class='ocrx_word' id='word_1_119' title='bbox 795 2153 926 2219; x_wconf 73' lang='lat' dir='ltr'>dubiumr</span> <span class='ocrx_word' id='word_1_120' title='bbox 956 2167 1108 2238; x_wconf 83' lang='lat' dir='ltr'>quantum</span> <span class='ocrx_word' id='word_1_121' title='bbox 1138 2154 1175 2214; x_wconf 85' lang='lat' dir='ltr'>iu</span> 
     </span>
     <span class='ocr_line' id='line_1_18' title="bbox 153 2249 1174 2349; baseline -0.004 -18"><span class='ocrx_word' id='word_1_122' title='bbox 153 2289 296 2349; x_wconf 84' lang='lat' dir='ltr'>regressu</span> <span class='ocrx_word' id='word_1_123' title='bbox 335 2267 519 2333; x_wconf 88' lang='lat' dir='ltr'>discriminis</span> <span class='ocrx_word' id='word_1_124' title='bbox 561 2249 741 2330; x_wconf 84' lang='lat' dir='ltr'>adeundum</span> <span class='ocrx_word' id='word_1_125' title='bbox 776 2268 857 2333; x_wconf 87' lang='lat' dir='ltr'>foret</span> <span class='ocrx_word' id='word_1_126' title='bbox 886 2267 1174 2331; x_wconf 62' lang='lat' dir='ltr'>frumentatoribus</span> 
     </span>
    </p>
   </div>
   <div class='ocr_carea' id='block_1_3' title="bbox 154 2364 1174 2464">
    <p class='ocr_par' dir='ltr' id='par_1_3' title="bbox 154 2364 1174 2464">
     <span class='ocr_line' id='line_1_19' title="bbox 154 2364 1174 2464; baseline -0.003 -19"><span class='ocrx_word' id='word_1_127' title='bbox 154 2385 274 2445; x_wconf 84' lang='lat' dir='ltr'>onustis</span> <span class='ocrx_word' id='word_1_128' title='bbox 296 2382 519 2464; x_wconf 86' lang='lat' dir='ltr'>perculsisque.</span> <span class='ocrx_word' id='word_1_129' title='bbox 561 2364 647 2445; x_wconf 82' lang='lat' dir='ltr'>addit</span> <span class='ocrx_word' id='word_1_130' title='bbox 675 2364 826 2445; x_wconf 82' lang='lat' dir='ltr'>exercitui</span> <span class='ocrx_word' id='word_1_131' title='bbox 853 2404 911 2446; x_wconf 87' lang='lat' dir='ltr'>suo</span> <span class='ocrx_word' id='word_1_132' title='bbox 938 2368 1061 2445; x_wconf 77' lang='lat' dir='ltr'>Vocula</span> <span class='ocrx_word' id='word_1_133' title='bbox 1088 2383 1174 2443; x_wconf 90' lang='lat' dir='ltr'>mille</span> 
     </span>
    </p>
   </div>
   <div class='ocr_carea' id='block_1_4' title="bbox 145 2476 1256 4052">
    <p class='ocr_par' dir='ltr' id='par_1_4' title="bbox 149 2476 1256 3378">
     <span class='ocr_line' id='line_1_20' title="bbox 154 2476 1174 2577; baseline 0.002 -21"><span class='ocrx_word' id='word_1_134' title='bbox 154 2492 290 2556; x_wconf 87' lang='lat' dir='ltr'>delectos</span> <span class='ocrx_word' id='word_1_135' title='bbox 320 2516 337 2556; x_wconf 98' lang='lat' dir='ltr'>e</span> <span class='ocrx_word' id='word_1_136' title='bbox 369 2494 480 2576; x_wconf 88' lang='lat' dir='ltr'>quinta</span> <span class='ocrx_word' id='word_1_137' title='bbox 513 2505 545 2555; x_wconf 87' lang='lat' dir='ltr'>et</span> <span class='ocrx_word' id='word_1_138' title='bbox 576 2476 686 2577; x_wconf 84' lang='lat' dir='ltr'>quinta</span> <span class='ocrx_word' id='word_1_139' title='bbox 718 2494 850 2557; x_wconf 88' lang='lat' dir='ltr'>decuma</span> <span class='ocrx_word' id='word_1_140' title='bbox 880 2496 1054 2575; x_wconf 76' lang='lat' dir='ltr'>legionibus</span> <span class='ocrx_word' id='word_1_141' title='bbox 1088 2494 1174 2577; x_wconf 88' lang='lat' dir='ltr'>apud</span> 
     </span>
     <span class='ocr_line' id='line_1_21' title="bbox 151 2604 1174 2684; baseline -0.004 -13"><span class='ocrx_word' id='word_1_142' title='bbox 151 2610 271 2672; x_wconf 84' lang='lat' dir='ltr'>Vetera</span> <span class='ocrx_word' id='word_1_143' title='bbox 298 2609 449 2684; x_wconf 88' lang='lat' dir='ltr'>obsessis,</span> <span class='ocrx_word' id='word_1_144' title='bbox 480 2604 669 2670; x_wconf 89' lang='lat' dir='ltr'>indomitum</span> <span class='ocrx_word' id='word_1_145' title='bbox 696 2608 826 2669; x_wconf 88' lang='lat' dir='ltr'>militem</span> <span class='ocrx_word' id='word_1_146' title='bbox 853 2620 885 2669; x_wconf 86' lang='lat' dir='ltr'>et</span> <span class='ocrx_word' id='word_1_147' title='bbox 912 2606 1043 2669; x_wconf 90' lang='lat' dir='ltr'>ducibus</span> <span class='ocrx_word' id='word_1_148' title='bbox 1070 2608 1174 2668; x_wconf 81' lang='lat' dir='ltr'>inien-</span> 
     </span>
     <span class='ocr_line' id='line_1_22' title="bbox 151 2719 1173 2803; baseline 0 -21"><span class='ocrx_word' id='word_1_149' title='bbox 151 2740 232 2782; x_wconf 88' lang='lat' dir='ltr'>sum.</span> <span class='ocrx_word' id='word_1_150' title='bbox 273 2721 383 2783; x_wconf 86' lang='lat' dir='ltr'>Plures</span> <span class='ocrx_word' id='word_1_151' title='bbox 401 2741 496 2803; x_wconf 83' lang='lat' dir='ltr'>quam</span> <span class='ocrx_word' id='word_1_152' title='bbox 511 2723 632 2797; x_wconf 89' lang='lat' dir='ltr'>jussum</span> <span class='ocrx_word' id='word_1_153' title='bbox 650 2733 716 2781; x_wconf 89' lang='lat' dir='ltr'>erat</span> <span class='ocrx_word' id='word_1_154' title='bbox 731 2719 866 2801; x_wconf 86' lang='lat' dir='ltr'>profecti</span> <span class='ocrx_word' id='word_1_155' title='bbox 880 2723 985 2802; x_wconf 84' lang='lat' dir='ltr'>palam</span> <span class='ocrx_word' id='word_1_156' title='bbox 1001 2720 1035 2781; x_wconf 90' lang='lat' dir='ltr'>in</span> <span class='ocrx_word' id='word_1_157' title='bbox 1052 2720 1173 2800; x_wconf 83' lang='lat' dir='ltr'>agmine</span> 
     </span>
     <span class='ocr_line' id='line_1_23' title="bbox 151 2826 1173 2913; baseline -0.001 -16"><span class='ocrx_word' id='word_1_158' title='bbox 151 2826 326 2898; x_wconf 79' lang='lat' dir='ltr'>fremebant</span> <span class='ocrx_word' id='word_1_159' title='bbox 346 2854 412 2896; x_wconf 86' lang='lat' dir='ltr'>non</span> <span class='ocrx_word' id='word_1_160' title='bbox 434 2854 467 2895; x_wconf 87' lang='lat' dir='ltr'>se</span> <span class='ocrx_word' id='word_1_161' title='bbox 488 2833 572 2894; x_wconf 88' lang='lat' dir='ltr'>ultra</span> <span class='ocrx_word' id='word_1_162' title='bbox 597 2834 727 2910; x_wconf 81' lang='lat' dir='ltr'>famem,</span> <span class='ocrx_word' id='word_1_163' title='bbox 750 2830 879 2895; x_wconf 84' lang='lat' dir='ltr'>insidias</span> <span class='ocrx_word' id='word_1_164' title='bbox 901 2835 1072 2913; x_wconf 84' lang='lat' dir='ltr'>legatorum</span> <span class='ocrx_word' id='word_1_165' title='bbox 1093 2835 1173 2896; x_wconf 88' lang='lat' dir='ltr'>tole·</span> 
     </span>
     <span class='ocr_line' id='line_1_24' title="bbox 149 2945 1172 3030; baseline -0.002 -19"><span class='ocrx_word' id='word_1_166' title='bbox 149 2963 286 3012; x_wconf 86' lang='lat' dir='ltr'>raturos.</span> <span class='ocrx_word' id='word_1_167' title='bbox 328 2949 370 3010; x_wconf 82' lang='lat' dir='ltr'>At</span> <span class='ocrx_word' id='word_1_168' title='bbox 394 2946 449 3030; x_wconf 89' lang='lat' dir='ltr'>qui</span> <span class='ocrx_word' id='word_1_169' title='bbox 471 2960 686 3009; x_wconf 84' lang='lat' dir='ltr'>remanserant</span> <span class='ocrx_word' id='word_1_170' title='bbox 710 2945 850 3009; x_wconf 84' lang='lat' dir='ltr'>desertos</span> <span class='ocrx_word' id='word_1_171' title='bbox 873 2967 906 3008; x_wconf 87' lang='lat' dir='ltr'>se</span> <span class='ocrx_word' id='word_1_172' title='bbox 930 2945 1063 3009; x_wconf 84' lang='lat' dir='ltr'>abducta</span> <span class='ocrx_word' id='word_1_173' title='bbox 1082 2961 1172 3029; x_wconf 89' lang='lat' dir='ltr'>parte</span> 
     </span>
     <span class='ocr_line' id='line_1_25' title="bbox 149 3060 1172 3147; baseline -0.003 -19"><span class='ocrx_word' id='word_1_174' title='bbox 149 3068 309 3145; x_wconf 80' lang='lat' dir='ltr'>legIonum</span> <span class='ocrx_word' id='word_1_175' title='bbox 329 3065 553 3147; x_wconf 86' lang='lat' dir='ltr'>querebantur.</span> <span class='ocrx_word' id='word_1_176' title='bbox 595 3063 725 3144; x_wconf 86' lang='lat' dir='ltr'>Duplex</span> <span class='ocrx_word' id='word_1_177' title='bbox 746 3062 820 3124; x_wconf 85' lang='lat' dir='ltr'>hinc</span> <span class='ocrx_word' id='word_1_178' title='bbox 847 3060 967 3138; x_wconf 87' lang='lat' dir='ltr'>seditio,</span> <span class='ocrx_word' id='word_1_179' title='bbox 991 3060 1059 3124; x_wconf 82' lang='lat' dir='ltr'>aliis</span> <span class='ocrx_word' id='word_1_180' title='bbox 1077 3082 1172 3125; x_wconf 84' lang='lat' dir='ltr'>revo-</span> 
     </span>
     <span class='ocr_line' id='line_1_26' title="bbox 150 3172 1120 3253; baseline -0.003 -12"><span class='ocrx_word' id='word_1_181' title='bbox 150 3182 290 3242; x_wconf 80' lang='lat' dir='ltr'>cantrbus</span> <span class='ocrx_word' id='word_1_182' title='bbox 312 3178 484 3253; x_wconf 83' lang='lat' dir='ltr'>Voculam,</span> <span class='ocrx_word' id='word_1_183' title='bbox 507 3174 575 3237; x_wconf 89' lang='lat' dir='ltr'>aliis</span> <span class='ocrx_word' id='word_1_184' title='bbox 596 3173 700 3238; x_wconf 83' lang='lat' dir='ltr'>redire</span> <span class='ocrx_word' id='word_1_185' title='bbox 720 3172 754 3236; x_wconf 88' lang='lat' dir='ltr'>in</span> <span class='ocrx_word' id='word_1_186' title='bbox 780 3187 879 3237; x_wconf 90' lang='lat' dir='ltr'>castra</span> <span class='ocrx_word' id='word_1_187' title='bbox 900 3177 1120 3238; x_wconf 88' lang='lat' dir='ltr'>abnuentibus.</span> 
     </span>
     <span class='ocr_line' id='line_1_27' title="bbox 233 3274 1256 3378; baseline 0 -24"><span class='ocrx_word' id='word_1_188' title='bbox 233 3293 363 3354; x_wconf 90' lang='lat' dir='ltr'>Interim</span> <span class='ocrx_word' id='word_1_189' title='bbox 386 3290 496 3353; x_wconf 82' lang='lat' dir='ltr'>Civilis</span> <span class='ocrx_word' id='word_1_190' title='bbox 520 3290 637 3353; x_wconf 86' lang='lat' dir='ltr'>Vetera</span> <span class='ocrx_word' id='word_1_191' title='bbox 658 3289 864 3355; x_wconf 85' lang='lat' dir='ltr'>circumsedit.</span> <span class='ocrx_word' id='word_1_192' title='bbox 906 3274 1030 3356; x_wconf 79' lang='lat' dir='ltr'>Vocula</span> <span class='ocrx_word' id='word_1_193' title='bbox 1051 3290 1170 3354; x_wconf 84' lang='lat' dir='ltr'>Geldu·</span> <span class='ocrx_word' id='word_1_194' title='bbox 1184 3314 1256 3378; x_wconf 46' lang='lat'>«23⁶</span> 
     </span>
    </p>

    <p class='ocr_par' dir='ltr' id='par_1_5' title="bbox 145 3401 1169 4052">
     <span class='ocr_line' id='line_1_28' title="bbox 150 3401 1169 3487; baseline 0.003 -23"><span class='ocrx_word' id='word_1_195' title='bbox 150 3404 224 3465; x_wconf 86' lang='lat' dir='ltr'>bam</span> <span class='ocrx_word' id='word_1_196' title='bbox 245 3417 337 3487; x_wconf 84' lang='lat' dir='ltr'>atque</span> <span class='ocrx_word' id='word_1_197' title='bbox 360 3402 434 3466; x_wconf 89' lang='lat' dir='ltr'>inde</span> <span class='ocrx_word' id='word_1_198' title='bbox 453 3403 627 3466; x_wconf 76' lang='lat' dir='ltr'>Notesium</span> <span class='ocrx_word' id='word_1_199' title='bbox 649 3404 809 3467; x_wconf 87' lang='lat' dir='ltr'>concessit.</span> <span class='ocrx_word' id='word_1_200' title='bbox 853 3401 961 3466; x_wconf 85' lang='lat' dir='ltr'>Civilis</span> <span class='ocrx_word' id='word_1_201' title='bbox 989 3404 1071 3486; x_wconf 88' lang='lat' dir='ltr'>capit</span> <span class='ocrx_word' id='word_1_202' title='bbox 1095 3404 1169 3467; x_wconf 88' lang='lat' dir='ltr'>Gel-</span> 
     </span>
     <span class='ocr_line' id='line_1_29' title="bbox 150 3500 1168 3599; baseline 0.005 -22"><span class='ocrx_word' id='word_1_203' title='bbox 150 3513 284 3591; x_wconf 91' lang='lat' dir='ltr'>dubam,</span> <span class='ocrx_word' id='word_1_204' title='bbox 323 3534 399 3576; x_wconf 86' lang='lat' dir='ltr'>mox</span> <span class='ocrx_word' id='word_1_205' title='bbox 432 3511 519 3575; x_wconf 89' lang='lat' dir='ltr'>haud</span> <span class='ocrx_word' id='word_1_206' title='bbox 553 3518 666 3596; x_wconf 87' lang='lat' dir='ltr'>procul</span> <span class='ocrx_word' id='word_1_207' title='bbox 699 3514 839 3578; x_wconf 86' lang='lat' dir='ltr'>Novesio</span> <span class='ocrx_word' id='word_1_208' title='bbox 876 3500 1014 3599; x_wconf 84' lang='lat' dir='ltr'>equestri</span> <span class='ocrx_word' id='word_1_209' title='bbox 1045 3518 1168 3599; x_wconf 86' lang='lat' dir='ltr'>proelio</span> 
     </span>
     <span class='ocr_line' id='line_1_30' title="bbox 146 3628 1168 3714; baseline 0.002 -22"><span class='ocrx_word' id='word_1_210' title='bbox 146 3649 300 3714; x_wconf 87' lang='lat' dir='ltr'>prospere</span> <span class='ocrx_word' id='word_1_211' title='bbox 321 3629 457 3691; x_wconf 83' lang='lat' dir='ltr'>certavit.</span> <span class='ocrx_word' id='word_1_212' title='bbox 500 3628 563 3691; x_wconf 89' lang='lat' dir='ltr'>Sed</span> <span class='ocrx_word' id='word_1_213' title='bbox 586 3632 676 3693; x_wconf 84' lang='lat' dir='ltr'>miles</span> <span class='ocrx_word' id='word_1_214' title='bbox 704 3629 847 3694; x_wconf 87' lang='lat' dir='ltr'>secundis</span> <span class='ocrx_word' id='word_1_215' title='bbox 869 3629 1070 3713; x_wconf 84' lang='lat' dir='ltr'>adversisque</span> <span class='ocrx_word' id='word_1_216' title='bbox 1092 3653 1168 3712; x_wconf 91' lang='lat' dir='ltr'>pro·</span> 
     </span>
     <span class='ocr_line' id='line_1_31' title="bbox 147 3739 1167 3828; baseline -0.001 -22"><span class='ocrx_word' id='word_1_217' title='bbox 147 3741 223 3807; x_wconf 91' lang='lat' dir='ltr'>inde</span> <span class='ocrx_word' id='word_1_218' title='bbox 243 3742 277 3804; x_wconf 90' lang='lat' dir='ltr'>in</span> <span class='ocrx_word' id='word_1_219' title='bbox 298 3741 427 3804; x_wconf 85' lang='lat' dir='ltr'>exitium</span> <span class='ocrx_word' id='word_1_220' title='bbox 447 3739 563 3803; x_wconf 90' lang='lat' dir='ltr'>ducum</span> <span class='ocrx_word' id='word_1_221' title='bbox 590 3741 825 3807; x_wconf 88' lang='lat' dir='ltr'>accendebatur.</span> <span class='ocrx_word' id='word_1_222' title='bbox 868 3757 898 3807; x_wconf 91' lang='lat' dir='ltr'>et</span> <span class='ocrx_word' id='word_1_223' title='bbox 917 3743 1053 3808; x_wconf 88' lang='lat' dir='ltr'>adventu</span> <span class='ocrx_word' id='word_1_224' title='bbox 1073 3745 1167 3828; x_wconf 91' lang='lat' dir='ltr'>quin·</span> 
     </span>
     <span class='ocr_line' id='line_1_32' title="bbox 147 3838 1167 3939; baseline -0.002 -22"><span class='ocrx_word' id='word_1_225' title='bbox 147 3867 294 3918; x_wconf 74' lang='lat' dir='ltr'>sanorum</span> <span class='ocrx_word' id='word_1_226' title='bbox 323 3838 741 3939; x_wconf 84' lang='lat' dir='ltr'>quintadecumanorumque</span> <span class='ocrx_word' id='word_1_227' title='bbox 766 3870 873 3918; x_wconf 89' lang='lat' dir='ltr'>auctae</span> <span class='ocrx_word' id='word_1_228' title='bbox 902 3858 1039 3938; x_wconf 83' lang='lat' dir='ltr'>legiones</span> <span class='ocrx_word' id='word_1_229' title='bbox 1068 3855 1167 3919; x_wconf 91' lang='lat' dir='ltr'>dona·</span> 
     </span>
     <span class='ocr_line' id='line_1_33' title="bbox 145 3967 1165 4052; baseline 0.001 -22"><span class='ocrx_word' id='word_1_230' title='bbox 145 3967 245 4032; x_wconf 80' lang='lat' dir='ltr'>tivum</span> <span class='ocrx_word' id='word_1_231' title='bbox 266 3980 440 4052; x_wconf 85' lang='lat' dir='ltr'>exposcunt</span> <span class='ocrx_word' id='word_1_232' title='bbox 465 3983 625 4052; x_wconf 89' lang='lat' dir='ltr'>comperto</span> <span class='ocrx_word' id='word_1_233' title='bbox 653 3969 818 4052; x_wconf 86' lang='lat' dir='ltr'>pecuniam</span> <span class='ocrx_word' id='word_1_234' title='bbox 840 3993 859 4034; x_wconf 86' lang='lat' dir='ltr'>a</span> <span class='ocrx_word' id='word_1_235' title='bbox 880 3971 1008 4035; x_wconf 87' lang='lat' dir='ltr'>Vitellio</span> <span class='ocrx_word' id='word_1_236' title='bbox 1029 3969 1165 4031; x_wconf 86' lang='lat' dir='ltr'>missam.</span> 
     </span>
    </p>
   </div>
   <div class='ocr_carea' id='block_1_5' title="bbox 0 0 1472 4625">
    <p class='ocr_par' dir='ltr' id='par_1_6' title="bbox 0 0 1472 4625">
     <span class='ocr_line' id='line_1_34' title="bbox 0 0 1472 4625; baseline 0 2"><span class='ocrx_word' id='word_1_237' title='bbox 0 0 1472 4625; x_wconf 95' lang='lat' dir='ltr'> </span> 
     </span>
    </p>
   </div>
  </div>
 </body>
</html>
