2934 4625
317 287 361 352 ss
578 355 581 362 Δ
664 276 728 342 nx
751 273 987 343 utsrouus

320 456 539 539 obsidiumque
564 450 648 535 apud
665 451 785 514 Vetera
806 452 954 531 legiones,
975 470 1033 512 nec
1054 458 1177 512 terrore
1195 462 1250 513 aut
1269 471 1346 533 pro·

320 573 422 637 missis
444 569 660 634 demorentur.
700 566 802 631 Nobis
823 588 920 650 super
940 586 1027 628 erma
1047 576 1079 628 et
1095 564 1182 629 viros
1204 578 1236 627 et
1257 587 1346 646 egre·

321 686 371 767 gia
382 699 556 749 castrorum
569 679 765 743 munimenta
778 679 971 742 frumentum
985 693 1016 741 et
1029 691 1218 742 commeatus
1233 700 1345 762 quam·

321 804 369 867 uis
397 805 492 882 longo
516 801 600 863 bello
628 817 731 880 pares.
779 795 913 878 pecunia
942 814 1045 876 nuper
1073 794 1167 857 etiam
1194 793 1345 858 donativo

323 915 460 993 suffecit,
484 911 569 997 quod
593 910 658 975 sivo
680 932 698 972 a
718 910 848 974 Vitellio
871 907 979 970 datum
999 909 1202 990 interpretari
1222 912 1346 972 mavul·

321 1032 378 1110 tis,
410 1030 450 1090 ab
471 1028 662 1108 imperatore
684 1034 767 1086 certe
788 1041 922 1083 romano
946 1021 1117 1102 accepistis.
1160 1022 1222 1084 Tot
1244 1023 1344 1086 bello·

321 1165 393 1208 rum
411 1144 553 1218 uictores,
576 1138 661 1220 apud
679 1136 867 1214 Geldubam,
891 1133 975 1217 apud
994 1137 1120 1216 Vetera,
1141 1137 1213 1200 fuso
1229 1137 1343 1199 totiens

321 1265 430 1333 hoste,
459 1259 486 1321 si
512 1256 634 1341 pavetis
657 1256 772 1332 aciem,
804 1252 968 1333 indignum
989 1251 1023 1314 id
1045 1253 1189 1336 quidem:
1222 1251 1274 1316 sed
1298 1266 1346 1316 est

321 1379 439 1440 vallum
471 1373 617 1455 murique
649 1382 681 1432 et
711 1368 857 1431 trahendi
886 1383 984 1446 artes,
1015 1365 1115 1430 donec
1144 1388 1161 1430 e
1190 1369 1345 1449 proximis

320 1488 491 1572 provincIis
523 1485 642 1548 auxilia
671 1484 890 1564 exercitusque
920 1496 1119 1546 concurrant.
1173 1482 1255 1546 Sane
1274 1505 1344 1564 -ego

322 1599 511 1684 displiceam.
554 1609 628 1659 sunt
649 1594 718 1672 alii,
746 1593 854 1673 legati,
880 1594 1017 1674 tribuni,
1043 1594 1184 1659 centurio
1205 1595 1346 1679 denique

323 1726 376 1777 aut
399 1716 499 1776 miles.
549 1732 589 1774 ue
615 1713 676 1772 hoc
697 1706 877 1790 prodigium
903 1722 971 1772 toto
998 1722 1154 1772 terrarum
1176 1712 1252 1775 orbe
1272 1714 1347 1774 rul-

321 1843 420 1910 getur‚
440 1826 533 1891 vobis
554 1825 738 1889 satellitibus
759 1822 889 1887 Civilem
911 1836 942 1886 et
963 1823 1134 1887 Classicum
1154 1826 1274 1887 ltaliam
1293 1827 1345 1886 in-

320 1963 464 2009 uasuros.
519 1963 576 2018 an,
611 1940 639 2002 si
669 1937 710 2001 ad
743 1938 867 2001 moenia
897 1939 984 2001 urbis
1015 1938 1165 2001 Germani
1198 1938 1343 2022 Gallique

322 2058 486 2134 duxerint,
517 2078 604 2119 arma
631 2055 752 2137 patriae
778 2051 941 2117 inferetis?
984 2057 1094 2118 horret
1120 2056 1241 2117 animus
1262 2055 1343 2117 tanti

321 2170 430 2252 flagitii
459 2169 606 2249 imagine.
657 2167 803 2229 Tutorin’
831 2169 971 2231 Treuero
1006 2182 1136 2249 agentur
1169 2166 1342 2234 excubiaei

321 2289 444 2368 signum
474 2286 551 2349 belli
580 2285 719 2347 Batavus
749 2280 855 2347 dabit?
886 2295 917 2346 et
945 2283 1177 2349 Germanorum
1203 2297 1343 2349 catervas

320 2396 528 2485 supplebitis?
553 2401 622 2483 quis
648 2397 760 2462 deinde
783 2402 906 2463 sceleris
931 2401 1052 2479 exitus,
1075 2421 1174 2485 quum
1194 2419 1342 2463 romanae

320 2519 458 2599 legiones
487 2529 597 2580 contra
628 2513 827 2578 direxerint?
859 2518 1037 2595 transfugae
1067 2536 1084 2577 e
1113 2515 1280 2594 transfugis
1299 2492 1342 2574 'et

319 2631 498 2714 proditores
527 2652 544 2692 e
573 2628 790 2711 proditoribus
820 2633 903 2692 inter
929 2652 1038 2695 recens
1066 2643 1098 2693 et
1123 2644 1213 2695 uetus
1239 2651 1342 2691 sacra·

320 2759 460 2807 mentum
481 2743 576 2807 invisi
598 2722 662 2806 deis
685 2743 853 2808 errabitis?
875 2759 919 2825 te,
940 2747 1083 2828 luppiter
1104 2747 1219 2827 optime
1242 2744 1343 2807 maxi·

320 2878 387 2935 me,
416 2878 510 2940 quem
538 2879 596 2937 per
624 2859 818 2937 octingentos
844 2859 953 2937 uiginti
980 2879 1078 2920 annos
1102 2871 1150 2921 tot
1173 2858 1342 2939 triumphis

322 2971 485 3049 coluimus,
507 2981 546 3047 te,
568 2967 701 3045 Quirine
722 2991 871 3033 romanae
894 2992 1009 3051 parens
1033 2974 1130 3050 urbis,
1154 2992 1267 3053 precor
1288 2992 1343 3037 ue·

321 3104 480 3165 nerorque
501 3096 550 3158 ut,
579 3084 605 3141 si
626 3084 717 3146 vobis
744 3104 810 3143 non
832 3083 893 3143 fuit
912 3082 1001 3145 cordi
1021 3106 1071 3147 me
1093 3083 1171 3145 duce
1192 3086 1269 3147 haec
1292 3107 1343 3147 ca·

321 3209 388 3257 stra
416 3196 601 3273 incorrupta
631 3207 661 3255 ct
689 3195 873 3257 intemerata
897 3196 1034 3273 servari,
1069 3208 1100 3256 at
1130 3210 1211 3257 certe
1240 3198 1341 3277 pollui

321 3307 505 3391 foedarique
535 3327 553 3370 a
581 3307 699 3369 Tutore
730 3322 761 3371 et
790 3308 927 3373 Classico
955 3332 995 3372 ne
1024 3311 1141 3374 sinatis.
1191 3313 1343 3378 militibus

320 3422 459 3487 ronranis
478 3436 532 3485 aut
552 3423 763 3487 innocentiam
783 3423 861 3489 detis
882 3441 934 3490 aut
950 3440 1105 3492 maturam
1125 3442 1156 3493 et
1171 3430 1238 3494 sine
1256 3453 1342 3495 noxa

319 3540 563 3622 poenitentiam!
630 3518 631 3523 ἵ

236 3671 306 3735 tot)
407 3656 504 3718 Varie
528 3669 658 3737 excepta
683 3658 784 3720 oratio
807 3660 888 3721 inter
912 3680 999 3740 spem
1020 3671 1200 3741 metumque
1225 3678 1260 3720 ac
1281 3679 1343 3738 pu-

320 3767 440 3831 dorem.
482 3767 665 3847 Digressum
691 3769 848 3832 Voculam
875 3783 906 3832 ct
934 3770 973 3832 de
1000 3772 1154 3853 supremis
1175 3775 1343 3851 agitantem
1454 3748 1456 3885 l

320 3886 426 3949 liberti
454 3886 599 3969 servique
626 3887 818 3966 prohibuere
843 3885 1054 3948 foedissimam
1075 3901 1208 3950 mortem
1229 3897 1342 3966 sponte

319 4003 522 4087 praevenire,
554 4014 583 4064 et
605 4000 762 4065 Classicus
783 4005 880 4066 misso
900 4002 1034 4065 Aemilio
1061 4002 1207 4084 Longino
1236 4000 1344 4063 deser·
1421 4028 1424 4031 “
1454 4002 1456 4147 l
