2934 4625
529 281 593 349 hx
619 281 856 353 HISTORIIS
1144 286 1206 353 115

181 457 247 521 dux
270 458 329 521 sibi
348 456 485 521 delectos
506 457 679 521 retinuerat
702 455 742 519 ad
765 459 944 540 improvisa.
989 459 1095 523 Civilis
1119 460 1203 523 haud

178 586 325 654 porrecto
347 571 469 652 agmine
490 570 546 634 sed
568 574 675 635 cuneis
697 570 823 634 adstitit.
870 573 978 636 Batavi
1002 574 1203 658 Gugernique

177 691 211 749 in
237 686 369 767 dextro,
389 691 484 751 'laeva
507 705 542 751 ac
561 677 723 772 propiora
740 686 879 750 fluminis
902 688 1136 749 Transrhenani
1158 701 1202 750 te·

176 824 285 865 nuere.
327 803 514 867 Exhortatio
531 801 646 867 ducum
663 824 727 867 non
748 822 836 865 more
855 804 1013 865 conclonis
1031 802 1113 884 apud
1130 805 1202 864 uni-

166 933 300 993 uersos,
321 916 375 979 sed
400 927 437 978 ut
463 905 605 999 quosque
631 929 760 980 suorum
784 915 1028 981 advehebantur.
1073 915 1201 978 Cerialis

175 1043 313 1094 veterem
339 1031 463 1094 romani
492 1030 629 1094 nominis
649 1019 804 1112 gloriam,
836 1029 979 1114 antiquas
999 1041 1199 1112 recentesque

174 1137 338 1202 victorias:
360 1149 397 1200 ut
415 1137 578 1220 perfidum,
595 1136 753 1221 ignarum,
774 1138 892 1204 victum
909 1140 1031 1201 hostem
1047 1140 1080 1200 in
1100 1151 1199 1200 aeter·

173 1275 251 1316 num
272 1252 452 1317 exciderent
476 1255 595 1320 ultione
625 1257 723 1336 magis
746 1273 842 1339 quam
870 1256 993 1338 proelio
1017 1274 1098 1337 opus
1122 1273 1198 1318 esse.

171 1369 336 1450 pauciores
357 1389 462 1450 nuper
482 1370 717 1449 cumpluribus
741 1381 889 1448 certasse,
920 1390 956 1430 ac
985 1382 1088 1430 mmen
1109 1369 1197 1430 frisos

172 1482 366 1560 Germanos,
399 1483 483 1567 quod
515 1484 640 1548 roboris
668 1485 774 1547 fuerit.
818 1477 989 1567 superasse
1009 1484 1064 1565 qui
1090 1486 1195 1563 lugam

171 1598 299 1676 animis,
326 1597 382 1679 qui
403 1599 535 1659 vulnera
555 1607 644 1675 tergo
665 1594 779 1656 ierant.
820 1596 971 1675 Proprias
991 1594 1065 1656 inde
1086 1598 1195 1657 stimu-

168 1712 217 1772 los
237 1707 413 1789 legionibus
443 1707 631 1772 admovebat
660 1705 830 1770 donritores
857 1705 1039 1769 Britanniae
1068 1723 1195 1791 quarta-

170 1822 359 1887 decumanos
381 1823 560 1904 appellans,
584 1820 760 1904 principem
780 1820 913 1884 Galbam
934 1834 1040 1885 sextae
1061 1824 1193 1904 legionis

169 1937 351 2001 auctoritate
379 1939 513 2017 factum,
541 1937 596 2002 illa
624 1939 764 2019 primum
793 1939 859 2002 acie
885 1938 1081 2003 secundanos
1109 1962 1192 2005 nove

168 2050 255 2131 signa
275 2071 454 2135 novamque
476 2049 615 2133 aquilam
636 2049 803 2114 dicaturus.
844 2051 927 2114 Hinc
947 2066 1129 2135 praevectus
1151 2052 1190 2116 ad

164 2164 378 2247 germanicum
399 2163 571 2227 exercitum
593 2183 703 2226 manus
724 2161 888 2245 tendebat,
914 2179 950 2228 ut
971 2186 1057 2229 suam
1080 2166 1189 2248 ripam,

165 2302 222 2345 sua
239 2293 339 2344 castra
359 2277 510 2359 sanguine
526 2277 666 2341 hostium
686 2271 918 2360 recuperarent.
960 2278 1103 2343 Alacrior
1121 2299 1188 2344 om-

164 2396 253 2458 nium
277 2390 404 2473 clanior,
426 2394 498 2479 quis
519 2397 570 2459 vel
591 2415 632 2456 ex
652 2396 746 2474 longa
769 2416 846 2476 pace
867 2395 981 2479 proelii
1000 2394 1115 2477 cupido
1136 2398 1188 2461 rel

163 2509 253 2573 fessis
281 2509 366 2570 bello
394 2507 482 2590 pacis
510 2527 599 2570 amor
626 2508 830 2594 praemiaque
860 2520 890 2571 et
911 2502 1000 2594 quies
1024 2508 1059 2570 in
1081 2521 1186 2593 poste-

161 2644 233 2688 rum
256 2625 451 2707 sperabatur.

245 2737 314 2801 Nec
335 2735 443 2801 Civilis
470 2735 612 2799 silentem
640 2735 756 2798 struxit
781 2734 895 2815 aciem,
928 2727 1033 2800 Iocum
1059 2755 1182 2818 pugnae
1195 2748 1267 2812 stt

159 2862 269 2914 testem
298 2851 423 2916 virtutis
450 2852 544 2915 ciens.
588 2862 670 2914 stare
698 2851 873 2917 Germanos
902 2852 1100 2935 Batavosque
1129 2872 1181 2913 su-

158 2985 217 3047 per
239 2963 367 3045 vestigia
389 2964 522 3045 gloriae,
544 2964 663 3029 cineres
684 2986 818 3050 ossaque
839 2966 997 3048 legionum
1019 2968 1180 3029 calcantes.

159 3100 349 3165 quocunque
372 3080 481 3143 oculos
501 3078 663 3141 Romanus
682 3077 868 3159 intenderet,
889 3076 1095 3162 captivitatem
1116 3078 1179 3139 cla-

157 3195 292 3278 demque
320 3205 352 3256 et
379 3192 449 3257 dira
470 3195 577 3257 omnia
595 3197 768 3260 obversari.
809 3217 850 3258 na
873 3207 1068 3259 terrerentur
1088 3193 1177 3256 vario

156 3308 300 3373 treverici
324 3307 438 3388 proelii
460 3320 584 3371 eventu.
631 3330 722 3373 auam
744 3309 809 3372 illic
828 3309 992 3372 victoriam
1013 3306 1177 3370 Germania

157 3422 327 3499 obstitisse,
355 3421 433 3484 'dum
461 3424 583 3486 omissis
609 3425 680 3487 telis
699 3423 819 3507 praeda
843 3442 954 3486 manus
980 3421 1175 3505 impediunt:

155 3532 211 3595 sed
242 3546 352 3597 cuncta
380 3553 456 3596 mox
484 3554 636 3617 prospera
665 3551 695 3600 et
722 3539 807 3602 hosti
838 3538 994 3601 contraria
1024 3536 1174 3601 evenisse.

154 3667 237 3730 quae
258 3644 419 3728 provideri
441 3660 510 3711 astu
531 3646 619 3713 ducis
641 3653 817 3732 oportuerit
835 3651 1026 3735 providisse,
1046 3670 1173 3731 campos

152 3759 313 3824 madentes
331 3773 362 3824 et
381 3762 458 3844 ipsis
475 3786 598 3845 gnaros,
616 3768 746 3848 paludes
763 3770 906 3832 hostibus
923 3769 1047 3832 noxias.
1087 3765 1171 3825 Rhe-

152 3894 227 3935 num
259 3887 290 3936 et
318 3860 507 3938 Germaniae
535 3877 612 3942 deos
639 3880 673 3941 in
696 3893 843 3963 aspectu,
875 3898 1014 3965 quorum
1041 3876 1170 3941 numine

153 4001 347 4068 capesserent
369 4011 524 4071 pugnam,
552 3997 736 4074 conjugum,
758 4009 922 4078 parentum
933 4040 943 4075 ,
963 3995 1082 4078 patriae
1102 4013 1169 4056 me·

864 4109 911 4170 8*
