2934 4625
326 292 370 359 ³6
666 285 730 354 EX
752 281 1007 356 turtureus

327 465 468 540 demum,
500 461 575 545 quia
604 482 662 544 per
691 481 807 545 corpus
831 464 924 543 legati
953 461 1093 525 eundum
1123 474 1209 541 erat,
1239 465 1352 529 clausit

319 565 427 645 'rioms
449 579 541 641 simul
561 576 682 640 tribuni
704 590 735 640 et
756 577 956 640 centuriones
976 575 1088 641 falsum
1112 598 1262 661 pavorem
1281 592 1350 644 esse

250 755 266 790 ,1
266 770 300 790 w
327 692 512 756 docuerunt.

240 835 309 897 nor
411 808 502 868 Tunc
530 816 705 868 contractos
733 806 768 867 in
797 805 951 890 principis
977 812 1141 891 jussusque
1169 807 1251 872 dicta
1277 832 1349 874 cum

323 920 446 983 silentio
475 920 613 1000 accipere
641 916 792 998 temporis
820 940 855 981 ac
881 919 1071 981 necessitatis
1092 932 1210 984 monet.
1252 944 1348 985 unam

322 1038 356 1098 in
377 1035 471 1098 armis
494 1036 642 1110 salutem,
670 1031 726 1095 sed
748 1053 785 1095 ea
807 1034 939 1096 consilio
966 1033 1185 1116 temperanda,
1217 1044 1348 1099 manen·

322 1149 460 1232 dumque
478 1148 564 1209 intra
582 1147 709 1224 vallum,
731 1144 832 1207 donec
854 1146 1056 1228 expugnandi
1071 1150 1178 1213 hostes
1197 1170 1252 1233 spe
1271 1174 1347 1234 pro·

320 1264 392 1346 pius
414 1258 633 1325 succederent:
659 1277 737 1322 mox
759 1259 899 1345 undique
921 1262 1167 1345 erumpendum,
1195 1267 1249 1329 illa
1273 1288 1347 1330 eru·

320 1380 429 1461 ptione
456 1378 494 1442 ad
517 1379 664 1440 Rhenum
686 1379 855 1459 perveniri.
907 1379 1022 1462 quodsi
1049 1382 1209 1462 fugerent,
1237 1388 1346 1466 plures
1457 1387 1458 1426 3

320 1495 430 1574 silvas,
458 1489 633 1576 profundas
654 1494 751 1573 magis
774 1490 921 1574 paludes,
951 1495 1112 1560 saevitiam
1132 1498 1271 1562 hostium
1292 1522 1345 1563 su·

319 1630 459 1692 peresse,
481 1617 513 1671 at
533 1607 703 1673 uictoribus
725 1606 837 1688 decus,
865 1608 1008 1689 gloriam.
1051 1633 1132 1696 quae
1156 1612 1242 1676 domi
1263 1636 1344 1696 cara,

319 1724 459 1808 quaein
488 1721 595 1787 castris
620 1723 755 1788 honesta
775 1736 946 1801 memorat,
979 1726 1104 1789 reticuit
1131 1725 1171 1790 de
1199 1727 1346 1793 adversis.

318 1839 426 1923 Equos
451 1836 580 1914 dehinc,
613 1849 703 1900 orsus
732 1838 854 1916 asnis,
885 1832 1060 1919 legatorum
1081 1839 1344 1926 tribunorumque

318 1956 406 2017 nulla
428 1949 598 2016 ambitione
619 1943 791 2016 fortissimo
814 1953 928 2037 cuique
951 1955 1096 2019 bellatori
1118 1953 1222 2035 tradit,
1245 1970 1281 2018 ut
1300 1955 1343 2032 hi,

317 2088 394 2132 mox
414 2065 519 2148 pedes,
539 2067 574 2126 in
595 2061 717 2128 hostem
737 2062 934 2130 invaderent.

149 2197 152 2203 ’
235 2209 305 2272 mg
403 2177 498 2244 Haud
518 2179 622 2243 minus
642 2175 767 2265 inquies
787 2175 962 2244 Germanus
983 2199 1054 2260 spe,
1076 2175 1222 2261 cupidine
1244 2155 1281 2241 et'
1295 2178 1343 2240 di·

317 2296 416 2359 versis
438 2293 554 2357 ducum
577 2296 737 2359 sententiis
757 2300 881 2377 agebat,
914 2291 1057 2356 Arminio
1077 2291 1217 2357 sinerent
1237 2290 1344 2373 egredi

318 2428 518 2491 egressosque
540 2426 667 2473 rursum
691 2424 751 2493 per.
773 2410 904 2473 humida
933 2422 964 2472 et
991 2407 1142 2492 impedita
1171 2410 1343 2474 circumve·

317 2521 422 2584 nireut
443 2521 606 2601 suadente,
633 2525 790 2587 atrociora
812 2524 1013 2604 Inguiomero
1036 2536 1067 2586 et
1086 2527 1170 2586 laeta
1190 2522 1341 2597 barbaris,

316 2645 352 2698 ut
378 2638 495 2700 vallum
510 2638 619 2699 ‘armis
649 2638 823 2699 ambirent:
855 2650 1035 2717 promptam
1066 2636 1340 2718 expugnationem,

315 2753 420 2833 plures
441 2752 598 2833 captivos',
622 2746 839 2830 incorruptam
861 2745 1010 2828 praedam
1032 2749 1112 2809 fore.
1155 2748 1253 2826 Igitur
1272 2758 1340 2808 orta

316 2861 366 2926 die
388 2878 547 2945 proruunt
571 2865 685 2943 fossas,
706 2865 852 2943 injiciunt
876 2877 992 2941 crates,
1011 2884 1132 2926 summa
1146 2860 1226 2955 *valli
1246 2882 1340 2943 pren·

314 2988 401 3053 sant,
438 2996 512 3040 raro
542 2996 638 3059 super
674 2979 772 3040 milite
808 2989 839 3040 et
869 2979 960 3060 quasi
990 2978 1031 3038 ob
1069 2989 1189 3039 metum
1225 2973 1340 3037 defixo.

313 3089 483 3170 Postquam
509 3092 638 3151 haesere
659 3094 871 3168 munimentis,
893 3090 987 3153 datur
1007 3093 1188 3153 cohortibus
1208 3091 1341 3167 signum,

315 3218 496 3280 cornuaque
525 3221 560 3261 ac
589 3202 683 3263 tubae
706 3201 906 3262 concinuere.
953 3201 1027 3260 exin
1057 3200 1193 3261 clamore
1221 3212 1253 3262 et
1281 3201 1340 3263 im-

314 3324 391 3395 petu
411 3313 505 3393 tergis
526 3311 760 3376 Germanorum
783 3309 1088 3392 circumfunduntur,
1108 3314 1339 3395 exprobrantes

314 3445 381 3486 non
401 3427 451 3486 hic
473 3427 566 3489 siivas
585 3448 642 3490 nec
660 3425 801 3509 paludes,
822 3425 878 3489 sed
896 3424 1004 3511 aequis
1021 3428 1098 3490 iocis
1116 3446 1234 3512 aequos
1253 3427 1339 3492 deos.

313 3539 407 3603 Hosti
427 3540 518 3604 facile
543 3540 702 3604 excidium
730 3554 761 3603 et
786 3560 903 3624 paucos
931 3561 966 3604 ac
996 3560 1164 3605 semermos
1193 3542 1339 3622 cogitanti

315 3674 411 3718 soniis
433 3658 598 3731 tubarum,
628 3656 733 3736 fulgor
754 3674 934 3735 emiorum,
959 3670 1079 3740 vquanto
1099 3659 1230 3739 inopina
1250 3671 1337 3720 tanto

313 3778 433 3850 majora
463 3770 694 3836 effunduntur:
732 3770 964 3856 cadebantque,
1000 3785 1036 3835 ut
1064 3774 1160 3834 rebus
1192 3769 1337 3834 secundis

315 3884 415 3962 auidi,
448 3887 491 3948 ita
522 3883 660 3949 adversis
691 3888 819 3952 incauti.
862 3888 1022 3951 Arruntius
1043 3890 1179 3966 integer,
1209 3885 1336 3966 lnguio·
1452 3920 1453 3961 t

314 4020 417 4061 interm
450 4013 522 4080 post
555 4022 647 4081 grave
680 4006 795 4069 vuinus
828 4026 966 4087 pugnam
1002 4002 1184 4066 deseruere:
1223 4004 1334 4081 virigus
