2934 4625
283 186 327 251 to
645 185 707 254 ttx
729 186 963 257 HISTORIIS
1072 263 1078 273 ‚

285 362 423 443 legiones
457 358 536 422 nibil
570 360 650 423 ultra
681 360 841 423 fremitum
871 373 903 425 st
931 360 1032 425 minas
1063 383 1159 426 ausae
1187 362 1316 427 initium

289 474 475 557 erumpendi
504 475 810 555 circumspectabant·
863 484 896 535 at
924 472 959 535 in
988 474 1145 555 superiori
1173 476 1315 539 exercitu

291 603 403 675 quarta
433 612 469 654 ac
499 588 743 654 duoetvicesima
770 587 907 667 legiones
936 585 1047 651 iisdem
1077 589 1216 652 hibernis
1243 603 1317 653 ten-

292 705 400 769 dentes
420 706 489 789 ipso
511 703 711 768 calendarum
729 702 944 782 januariarum
962 700 1012 765 dio
1032 701 1317 787 dirumpuntima·

290 823 376 902 gines
409 820 545 897 Galbae,
584 832 696 904 quarta
726 818 808 899 legio
844 818 1035 900 promptius,
1074 816 1317 882 duoetvicesima

292 947 489 1013 cunctantes,
518 955 594 998 mox
620 955 786 998 consensu.
828 934 875 996 Ac
902 953 943 994 ne
964 932 1171 997 reverentiam
1190 933 1316 1014 imperii

293 1070 408 1111 exuero
439 1048 622 1112 viderentur
646 1060 773 1126 senatus
802 1050 976 1133 populique
1001 1050 1125 1111 romani
1153 1050 1318 1112 obliterata

293 1166 357 1240 jam
388 1164 518 1224 nomina
546 1172 741 1223 sacramento
770 1158 983 1238 advocabant,
1023 1162 1112 1225 nullo
1143 1162 1318 1242 legatorum

294 1277 533 1339 tribunorumve
555 1296 615 1357 pro
635 1274 737 1338 Galba
757 1274 895 1351 nitente,
921 1273 1126 1360 quibusdam,
1154 1276 1244 1337 utin
1265 1287 1318 1337 tu·

295 1390 416 1467 multu,
437 1389 608 1452 notabilius
628 1387 841 1452 turbantibus.
882 1399 1075 1451 nontamen
1096 1387 1261 1472 quisquam
1279 1388 1318 1449 'in

295 1500 426 1565 modum
457 1500 616 1563 concionis
647 1510 702 1561 aut
739 1511 883 1577 suggestu
913 1499 1046 1564 locutus.
1098 1520 1201 1585 neque
1233 1500 1320 1562 enim

297 1627 364 1678 erat
386 1613 488 1677 adbuc
509 1615 561 1677 cui
579 1615 798 1697 imputaretur.

213 1745 282 1808 nso
382 1728 546 1811 Spectator
565 1728 675 1811 flagitii
695 1729 898 1793 Hordeonius
927 1727 1057 1792 Flaccus
1080 1725 1252 1791 consularis
1272 1726 1319 1789 le·

297 1856 385 1923 gatus
407 1842 523 1924 aderat,
546 1864 612 1908 non
634 1863 830 1925 compescere
852 1854 989 1921 ruentes,
1014 1860 1081 1904 non
1100 1840 1239 1909 retinere
1260 1838 1320 1902 du·

298 1960 377 2037 bios,
401 1979 467 2022 non
487 1959 645 2021 cohortari
666 1960 770 2022 bonos
791 1978 902 2038 ausus,
927 1954 981 2020 sed
1002 1956 1113 2037 segnis,
1133 1954 1267 2037 pavidus
1290 1966 1322 2016 et

299 2069 443 2133 socordia
458 2071 619 2133 innocens.
663 2071 821 2147 Quattuor
842 2069 1040 2135 centuriones
1060 2068 1321 2132 duoetvicesimae

298 2185 446 2265 legionis,
476 2184 601 2247 Nonius
622 2184 795 2267 Receptus,
825 2188 982 2250 Donatius
1003 2186 1138 2264 Valens,
1164 2183 1322 2246 Romilius

299 2299 484 2377 Marcellus,
524 2296 715 2380 Calpurnius
746 2298 963 2382 Repentinus,
998 2320 1096 2383 quum
1121 2308 1322 2380 protegerent

304 2415 421 2477 Galbae
442 2413 602 2494 imagines,
623 2413 743 2497 impetu
763 2416 897 2477 militum
914 2416 1038 2497 abrepti
1055 2413 1223 2496 vinctique.
1264 2432 1324 2473 nec

303 2528 448 2611 cuiquam
467 2530 549 2590 ultra
569 2526 646 2590 fides
667 2540 720 2590 aut
742 2527 892 2590 memoria
916 2527 1030 2606 prioris
1052 2525 1245 2603 sacramenti,
1267 2521 1324 2587 sed

303 2639 390 2726 quod
413 2641 448 2702 in
471 2640 679 2704 seditionibus
704 2640 830 2720 accidit,
859 2638 945 2702 unde
974 2642 1081 2722 plures
1104 2654 1192 2702 erant
1214 2659 1323 2703 omnes

302 2756 402 2816 fuere.
445 2754 545 2817 Nocte
568 2777 649 2839 quae
674 2754 818 2820 calendas
839 2753 996 2836 januarias
1022 2767 1128 2820 secuta
1148 2753 1248 2818 estin
1270 2776 1324 2818 co-

301 2870 418 2932 loniam
439 2869 690 2952 agrippinensem
714 2872 861 2955 aquilifer
880 2883 1010 2956 quartae
1031 2869 1162 2950 legionis
1185 2867 1326 2951 epulanti

301 2985 431 3046 Vitellio
469 2985 593 3046 nuntiat
626 2999 770 3068 quartam
811 2999 840 3048 et
876 2985 1148 3050 duoetvicesimam
1185 2986 1325 3062 legiones

302 3097 449 3176 projectis
466 3095 584 3156 Galbae
604 3094 792 3172 imaginibus
813 3095 846 3155 in
869 3107 994 3156 senatus
1018 3116 1053 3155 ac
1072 3092 1185 3174 populi
1201 3093 1327 3156 romani

303 3208 399 3271 verba
418 3211 549 3285 jurasse.
597 3203 635 3265 Id
656 3219 885 3269 sacramentum
909 3207 1003 3270 inane
1025 3208 1146 3275 usum:
1177 3211 1326 3293 occupari

303 3333 465 3384 nutantem
492 3321 655 3383 fortunam
685 3332 716 3383 et
740 3321 850 3382 offerri
872 3322 1047 3406 principem
1069 3321 1197 3403 placuit.
1239 3324 1326 3386 missi

303 3460 322 3499 a
339 3435 469 3500 Vitellio
491 3433 532 3497 ad
551 3435 689 3514 legiones
710 3437 900 3521 legatosque,
925 3439 981 3523 qui
999 3436 1166 3500 descivisse
1187 3458 1205 3498 a
1224 3435 1327 3499 Galba

192 3544 194 3547 ’
303 3548 497 3632 superiorem
526 3547 700 3612 exercitum
728 3550 929 3615 nuntiarent:
960 3550 1095 3633 proinde
1124 3562 1177 3612 aut
1206 3549 1327 3610 bellan·

304 3666 379 3728 dum
401 3665 549 3732 adversus
572 3664 775 3728 desciscentes
795 3677 865 3744 aut,
889 3667 916 3730 si
938 3665 1106 3730 concordia
1128 3677 1160 3726 et
1181 3683 1244 3746 pax
1257 3664 1326 3743 pla-

304 3794 381 3861 ceat,
405 3780 583 3845 iaciendum
601 3781 834 3863 imperatorem,
856 3796 887 3845 et
908 3784 1030 3846 minore
1049 3780 1228 3844 discrimine
1245 3779 1326 3842 sumi

304 3896 476 3980 principem
500 3917 594 3978 quam
617 3895 735 3978 quaeri.
